,date,symbol,sales
0,1/4/2010,AAPL,6
1,1/5/2010,AAPL,6
2,1/6/2010,AAPL,6
3,1/7/2010,AAPL,6
4,1/8/2010,AAPL,6
5,1/11/2010,AAPL,6
6,1/12/2010,AAPL,5
7,1/13/2010,AAPL,6
8,1/14/2010,AAPL,5
9,1/15/2010,AAPL,5
10,1/19/2010,AAPL,6
11,1/20/2010,AAPL,6
12,1/21/2010,AAPL,5
13,1/22/2010,AAPL,5
14,1/25/2010,AAPL,5
15,1/26/2010,AAPL,5
16,1/27/2010,AAPL,5
17,1/28/2010,AAPL,5
18,1/29/2010,AAPL,5
19,2/1/2010,AAPL,5
20,2/2/2010,AAPL,5
21,2/3/2010,AAPL,5
22,2/4/2010,AAPL,5
23,2/5/2010,AAPL,5
24,2/8/2010,AAPL,5
25,2/9/2010,AAPL,5
26,2/10/2010,AAPL,5
27,2/11/2010,AAPL,5
28,2/12/2010,AAPL,5
29,2/16/2010,AAPL,5
30,2/17/2010,AAPL,5
31,2/18/2010,AAPL,5
32,2/19/2010,AAPL,5
33,2/22/2010,AAPL,5
34,2/23/2010,AAPL,5
35,2/24/2010,AAPL,5
36,2/25/2010,AAPL,5
37,2/26/2010,AAPL,5
38,3/1/2010,AAPL,5
39,3/2/2010,AAPL,5
40,3/3/2010,AAPL,5
41,3/4/2010,AAPL,6
42,3/5/2010,AAPL,6
43,3/8/2010,AAPL,6
44,3/9/2010,AAPL,6
45,3/10/2010,AAPL,6
46,3/11/2010,AAPL,6
47,3/12/2010,AAPL,6
48,3/15/2010,AAPL,6
49,3/16/2010,AAPL,6
50,3/17/2010,AAPL,6
51,3/18/2010,AAPL,6
52,3/19/2010,AAPL,6
53,3/22/2010,AAPL,6
54,3/23/2010,AAPL,6
55,3/24/2010,AAPL,6
56,3/25/2010,AAPL,6
57,3/26/2010,AAPL,6
58,3/29/2010,AAPL,6
59,3/30/2010,AAPL,6
60,3/31/2010,AAPL,6
61,4/1/2010,AAPL,6
62,4/5/2010,AAPL,6
63,4/6/2010,AAPL,6
64,4/7/2010,AAPL,6
65,4/8/2010,AAPL,6
66,4/9/2010,AAPL,6
67,4/12/2010,AAPL,6
68,4/13/2010,AAPL,6
69,4/14/2010,AAPL,7
70,4/15/2010,AAPL,7
71,4/16/2010,AAPL,7
72,4/19/2010,AAPL,7
73,4/20/2010,AAPL,6
74,4/21/2010,AAPL,7
75,4/22/2010,AAPL,7
76,4/23/2010,AAPL,7
77,4/26/2010,AAPL,7
78,4/27/2010,AAPL,7
79,4/28/2010,AAPL,7
80,4/29/2010,AAPL,7
81,4/30/2010,AAPL,7
82,5/3/2010,AAPL,7
83,5/4/2010,AAPL,7
84,5/5/2010,AAPL,7
85,5/6/2010,AAPL,7
86,5/7/2010,AAPL,6
87,5/10/2010,AAPL,7
88,5/11/2010,AAPL,7
89,5/12/2010,AAPL,7
90,5/13/2010,AAPL,7
91,5/14/2010,AAPL,7
92,5/17/2010,AAPL,7
93,5/18/2010,AAPL,7
94,5/19/2010,AAPL,7
95,5/20/2010,AAPL,6
96,5/21/2010,AAPL,6
97,5/24/2010,AAPL,7
98,5/25/2010,AAPL,7
99,5/26/2010,AAPL,6
100,5/27/2010,AAPL,7
101,5/28/2010,AAPL,7
102,6/1/2010,AAPL,7
103,6/2/2010,AAPL,7
104,6/3/2010,AAPL,7
105,6/4/2010,AAPL,7
106,6/7/2010,AAPL,7
107,6/8/2010,AAPL,7
108,6/9/2010,AAPL,6
109,6/10/2010,AAPL,7
110,6/11/2010,AAPL,7
111,6/14/2010,AAPL,7
112,6/15/2010,AAPL,7
113,6/16/2010,AAPL,7
114,6/17/2010,AAPL,7
115,6/18/2010,AAPL,7
116,6/21/2010,AAPL,7
117,6/22/2010,AAPL,7
118,6/23/2010,AAPL,7
119,6/24/2010,AAPL,7
120,6/25/2010,AAPL,7
121,6/28/2010,AAPL,7
122,6/29/2010,AAPL,7
123,6/30/2010,AAPL,7
124,7/1/2010,AAPL,7
125,7/2/2010,AAPL,7
126,7/6/2010,AAPL,7
127,7/7/2010,AAPL,7
128,7/8/2010,AAPL,7
129,7/9/2010,AAPL,7
130,7/12/2010,AAPL,7
131,7/13/2010,AAPL,7
132,7/14/2010,AAPL,7
133,7/15/2010,AAPL,7
134,7/16/2010,AAPL,7
135,7/19/2010,AAPL,7
136,7/20/2010,AAPL,7
137,7/21/2010,AAPL,7
138,7/22/2010,AAPL,7
139,7/23/2010,AAPL,7
140,7/26/2010,AAPL,7
141,7/27/2010,AAPL,7
142,7/28/2010,AAPL,7
143,7/29/2010,AAPL,7
144,7/30/2010,AAPL,7
145,8/2/2010,AAPL,7
146,8/3/2010,AAPL,7
147,8/4/2010,AAPL,7
148,8/5/2010,AAPL,7
149,8/6/2010,AAPL,7
150,8/9/2010,AAPL,7
151,8/10/2010,AAPL,7
152,8/11/2010,AAPL,7
153,8/12/2010,AAPL,7
154,8/13/2010,AAPL,7
155,8/16/2010,AAPL,7
156,8/17/2010,AAPL,7
157,8/18/2010,AAPL,7
158,8/19/2010,AAPL,7
159,8/20/2010,AAPL,7
160,8/23/2010,AAPL,7
161,8/24/2010,AAPL,6
162,8/25/2010,AAPL,6
163,8/26/2010,AAPL,6
164,8/27/2010,AAPL,6
165,8/30/2010,AAPL,6
166,8/31/2010,AAPL,6
167,9/1/2010,AAPL,7
168,9/2/2010,AAPL,7
169,9/3/2010,AAPL,7
170,9/7/2010,AAPL,7
171,9/8/2010,AAPL,7
172,9/9/2010,AAPL,7
173,9/10/2010,AAPL,7
174,9/13/2010,AAPL,7
175,9/14/2010,AAPL,7
176,9/15/2010,AAPL,7
177,9/16/2010,AAPL,7
178,9/17/2010,AAPL,7
179,9/20/2010,AAPL,8
180,9/21/2010,AAPL,8
181,9/22/2010,AAPL,8
182,9/23/2010,AAPL,8
183,9/24/2010,AAPL,8
184,9/27/2010,AAPL,8
185,9/28/2010,AAPL,8
186,9/29/2010,AAPL,8
187,9/30/2010,AAPL,8
188,10/1/2010,AAPL,8
189,10/4/2010,AAPL,7
190,10/5/2010,AAPL,8
191,10/6/2010,AAPL,8
192,10/7/2010,AAPL,8
193,10/8/2010,AAPL,8
194,10/11/2010,AAPL,8
195,10/12/2010,AAPL,8
196,10/13/2010,AAPL,8
197,10/14/2010,AAPL,8
198,10/15/2010,AAPL,8
199,10/18/2010,AAPL,9
200,10/19/2010,AAPL,8
201,10/20/2010,AAPL,8
202,10/21/2010,AAPL,8
203,10/22/2010,AAPL,8
204,10/25/2010,AAPL,8
205,10/26/2010,AAPL,8
206,10/27/2010,AAPL,8
207,10/28/2010,AAPL,8
208,10/29/2010,AAPL,8
209,11/1/2010,AAPL,8
210,11/2/2010,AAPL,8
211,11/3/2010,AAPL,8
212,11/4/2010,AAPL,9
213,11/5/2010,AAPL,9
214,11/8/2010,AAPL,9
215,11/9/2010,AAPL,9
216,11/10/2010,AAPL,9
217,11/11/2010,AAPL,9
218,11/12/2010,AAPL,8
219,11/15/2010,AAPL,8
220,11/16/2010,AAPL,8
221,11/17/2010,AAPL,8
222,11/18/2010,AAPL,8
223,11/19/2010,AAPL,8
224,11/22/2010,AAPL,8
225,11/23/2010,AAPL,8
226,11/24/2010,AAPL,8
227,11/26/2010,AAPL,9
228,11/29/2010,AAPL,9
229,11/30/2010,AAPL,8
230,12/1/2010,AAPL,9
231,12/2/2010,AAPL,9
232,12/3/2010,AAPL,9
233,12/6/2010,AAPL,9
234,12/7/2010,AAPL,9
235,12/8/2010,AAPL,9
236,12/9/2010,AAPL,9
237,12/10/2010,AAPL,9
238,12/13/2010,AAPL,9
239,12/14/2010,AAPL,9
240,12/15/2010,AAPL,9
241,12/16/2010,AAPL,9
242,12/17/2010,AAPL,9
243,12/20/2010,AAPL,9
244,12/21/2010,AAPL,9
245,12/22/2010,AAPL,9
246,12/23/2010,AAPL,9
247,12/27/2010,AAPL,9
248,12/28/2010,AAPL,9
249,12/29/2010,AAPL,9
250,12/30/2010,AAPL,9
251,12/31/2010,AAPL,9
252,1/3/2011,AAPL,9
253,1/4/2011,AAPL,9
254,1/5/2011,AAPL,9
255,1/6/2011,AAPL,9
256,1/7/2011,AAPL,9
257,1/10/2011,AAPL,9
258,1/11/2011,AAPL,9
259,1/12/2011,AAPL,9
260,1/13/2011,AAPL,9
261,1/14/2011,AAPL,9
262,1/18/2011,AAPL,9
263,1/19/2011,AAPL,9
264,1/20/2011,AAPL,9
265,1/21/2011,AAPL,9
266,1/24/2011,AAPL,9
267,1/25/2011,AAPL,9
268,1/26/2011,AAPL,9
269,1/27/2011,AAPL,9
270,1/28/2011,AAPL,9
271,1/31/2011,AAPL,9
272,2/1/2011,AAPL,9
273,2/2/2011,AAPL,9
274,2/3/2011,AAPL,9
275,2/4/2011,AAPL,9
276,2/7/2011,AAPL,10
277,2/8/2011,AAPL,10
278,2/9/2011,AAPL,10
279,2/10/2011,AAPL,10
280,2/11/2011,AAPL,10
281,2/14/2011,AAPL,10
282,2/15/2011,AAPL,10
283,2/16/2011,AAPL,10
284,2/17/2011,AAPL,10
285,2/18/2011,AAPL,10
286,2/22/2011,AAPL,9
287,2/23/2011,AAPL,9
288,2/24/2011,AAPL,9
289,2/25/2011,AAPL,9
290,2/28/2011,AAPL,10
291,3/1/2011,AAPL,9
292,3/2/2011,AAPL,10
293,3/3/2011,AAPL,10
294,3/4/2011,AAPL,10
295,3/7/2011,AAPL,10
296,3/8/2011,AAPL,10
297,3/9/2011,AAPL,10
298,3/10/2011,AAPL,9
299,3/11/2011,AAPL,10
300,3/14/2011,AAPL,10
301,3/15/2011,AAPL,9
302,3/16/2011,AAPL,9
303,3/17/2011,AAPL,9
304,3/18/2011,AAPL,9
305,3/21/2011,AAPL,9
306,3/22/2011,AAPL,9
307,3/23/2011,AAPL,9
308,3/24/2011,AAPL,9
309,3/25/2011,AAPL,10
310,3/28/2011,AAPL,10
311,3/29/2011,AAPL,10
312,3/30/2011,AAPL,9
313,3/31/2011,AAPL,9
314,4/1/2011,AAPL,9
315,4/4/2011,AAPL,9
316,4/5/2011,AAPL,9
317,4/6/2011,AAPL,9
318,4/7/2011,AAPL,9
319,4/8/2011,AAPL,9
320,4/11/2011,AAPL,9
321,4/12/2011,AAPL,9
322,4/13/2011,AAPL,9
323,4/14/2011,AAPL,9
324,4/15/2011,AAPL,9
325,4/18/2011,AAPL,9
326,4/19/2011,AAPL,9
327,4/20/2011,AAPL,9
328,4/21/2011,AAPL,10
329,4/25/2011,AAPL,10
330,4/26/2011,AAPL,10
331,4/27/2011,AAPL,10
332,4/28/2011,AAPL,9
333,4/29/2011,AAPL,10
334,5/2/2011,AAPL,9
335,5/3/2011,AAPL,9
336,5/4/2011,AAPL,9
337,5/5/2011,AAPL,9
338,5/6/2011,AAPL,9
339,5/9/2011,AAPL,9
340,5/10/2011,AAPL,9
341,5/11/2011,AAPL,9
342,5/12/2011,AAPL,9
343,5/13/2011,AAPL,9
344,5/16/2011,AAPL,9
345,5/17/2011,AAPL,9
346,5/18/2011,AAPL,9
347,5/19/2011,AAPL,9
348,5/20/2011,AAPL,9
349,5/23/2011,AAPL,9
350,5/24/2011,AAPL,9
351,5/25/2011,AAPL,9
352,5/26/2011,AAPL,9
353,5/27/2011,AAPL,9
354,5/31/2011,AAPL,9
355,6/1/2011,AAPL,9
356,6/2/2011,AAPL,9
357,6/3/2011,AAPL,9
358,6/6/2011,AAPL,9
359,6/7/2011,AAPL,9
360,6/8/2011,AAPL,9
361,6/9/2011,AAPL,9
362,6/10/2011,AAPL,9
363,6/13/2011,AAPL,9
364,6/14/2011,AAPL,9
365,6/15/2011,AAPL,9
366,6/16/2011,AAPL,9
367,6/17/2011,AAPL,9
368,6/20/2011,AAPL,9
369,6/21/2011,AAPL,9
370,6/22/2011,AAPL,9
371,6/23/2011,AAPL,9
372,6/24/2011,AAPL,9
373,6/27/2011,AAPL,9
374,6/28/2011,AAPL,9
375,6/29/2011,AAPL,9
376,6/30/2011,AAPL,9
377,7/1/2011,AAPL,9
378,7/5/2011,AAPL,9
379,7/6/2011,AAPL,10
380,7/7/2011,AAPL,10
381,7/8/2011,AAPL,10
382,7/11/2011,AAPL,10
383,7/12/2011,AAPL,10
384,7/13/2011,AAPL,10
385,7/14/2011,AAPL,10
386,7/15/2011,AAPL,10
387,7/18/2011,AAPL,10
388,7/19/2011,AAPL,10
389,7/20/2011,AAPL,11
390,7/21/2011,AAPL,11
391,7/22/2011,AAPL,11
392,7/25/2011,AAPL,11
393,7/26/2011,AAPL,11
394,7/27/2011,AAPL,11
395,7/28/2011,AAPL,11
396,7/29/2011,AAPL,11
397,8/1/2011,AAPL,11
398,8/2/2011,AAPL,11
399,8/3/2011,AAPL,11
400,8/4/2011,AAPL,10
401,8/5/2011,AAPL,10
402,8/8/2011,AAPL,10
403,8/9/2011,AAPL,10
404,8/10/2011,AAPL,10
405,8/11/2011,AAPL,10
406,8/12/2011,AAPL,10
407,8/15/2011,AAPL,10
408,8/16/2011,AAPL,10
409,8/17/2011,AAPL,10
410,8/18/2011,AAPL,10
411,8/19/2011,AAPL,10
412,8/22/2011,AAPL,10
413,8/23/2011,AAPL,10
414,8/24/2011,AAPL,10
415,8/25/2011,AAPL,10
416,8/26/2011,AAPL,10
417,8/29/2011,AAPL,11
418,8/30/2011,AAPL,11
419,8/31/2011,AAPL,10
420,9/1/2011,AAPL,10
421,9/2/2011,AAPL,10
422,9/6/2011,AAPL,10
423,9/7/2011,AAPL,10
424,9/8/2011,AAPL,10
425,9/9/2011,AAPL,10
426,9/12/2011,AAPL,10
427,9/13/2011,AAPL,10
428,9/14/2011,AAPL,11
429,9/15/2011,AAPL,11
430,9/16/2011,AAPL,11
431,9/19/2011,AAPL,11
432,9/20/2011,AAPL,11
433,9/21/2011,AAPL,11
434,9/22/2011,AAPL,11
435,9/23/2011,AAPL,11
436,9/26/2011,AAPL,11
437,9/27/2011,AAPL,11
438,9/28/2011,AAPL,11
439,9/29/2011,AAPL,11
440,9/30/2011,AAPL,10
441,10/3/2011,AAPL,10
442,10/4/2011,AAPL,10
443,10/5/2011,AAPL,10
444,10/6/2011,AAPL,10
445,10/7/2011,AAPL,10
446,10/10/2011,AAPL,11
447,10/11/2011,AAPL,11
448,10/12/2011,AAPL,11
449,10/13/2011,AAPL,11
450,10/14/2011,AAPL,12
451,10/17/2011,AAPL,11
452,10/18/2011,AAPL,12
453,10/19/2011,AAPL,11
454,10/20/2011,AAPL,11
455,10/21/2011,AAPL,11
456,10/24/2011,AAPL,11
457,10/25/2011,AAPL,11
458,10/26/2011,AAPL,11
459,10/27/2011,AAPL,11
460,10/28/2011,AAPL,11
461,10/31/2011,AAPL,11
462,11/1/2011,AAPL,11
463,11/2/2011,AAPL,11
464,11/3/2011,AAPL,11
465,11/4/2011,AAPL,11
466,11/7/2011,AAPL,11
467,11/8/2011,AAPL,11
468,11/9/2011,AAPL,11
469,11/10/2011,AAPL,11
470,11/11/2011,AAPL,10
471,11/14/2011,AAPL,10
472,11/15/2011,AAPL,11
473,11/16/2011,AAPL,10
474,11/17/2011,AAPL,10
475,11/18/2011,AAPL,10
476,11/21/2011,AAPL,10
477,11/22/2011,AAPL,10
478,11/23/2011,AAPL,10
479,11/25/2011,AAPL,10
480,11/28/2011,AAPL,10
481,11/29/2011,AAPL,10
482,11/30/2011,AAPL,10
483,12/1/2011,AAPL,11
484,12/2/2011,AAPL,11
485,12/5/2011,AAPL,11
486,12/6/2011,AAPL,11
487,12/7/2011,AAPL,11
488,12/8/2011,AAPL,11
489,12/9/2011,AAPL,11
490,12/12/2011,AAPL,11
491,12/13/2011,AAPL,11
492,12/14/2011,AAPL,10
493,12/15/2011,AAPL,10
494,12/16/2011,AAPL,10
495,12/19/2011,AAPL,10
496,12/20/2011,AAPL,11
497,12/21/2011,AAPL,11
498,12/22/2011,AAPL,11
499,12/23/2011,AAPL,11
500,12/27/2011,AAPL,11
501,12/28/2011,AAPL,11
502,12/29/2011,AAPL,11
503,12/30/2011,AAPL,11
504,1/3/2012,AAPL,11
505,1/4/2012,AAPL,11
506,1/5/2012,AAPL,11
507,1/6/2012,AAPL,12
508,1/9/2012,AAPL,12
509,1/10/2012,AAPL,12
510,1/11/2012,AAPL,12
511,1/12/2012,AAPL,12
512,1/13/2012,AAPL,11
513,1/17/2012,AAPL,12
514,1/18/2012,AAPL,12
515,1/19/2012,AAPL,12
516,1/20/2012,AAPL,12
517,1/23/2012,AAPL,12
518,1/24/2012,AAPL,12
519,1/25/2012,AAPL,12
520,1/26/2012,AAPL,12
521,1/27/2012,AAPL,12
522,1/30/2012,AAPL,12
523,1/31/2012,AAPL,13
524,2/1/2012,AAPL,13
525,2/2/2012,AAPL,13
526,2/3/2012,AAPL,13
527,2/6/2012,AAPL,13
528,2/7/2012,AAPL,13
529,2/8/2012,AAPL,13
530,2/9/2012,AAPL,14
531,2/10/2012,AAPL,14
532,2/13/2012,AAPL,14
533,2/14/2012,AAPL,14
534,2/15/2012,AAPL,14
535,2/16/2012,AAPL,14
536,2/17/2012,AAPL,14
537,2/21/2012,AAPL,14
538,2/22/2012,AAPL,14
539,2/23/2012,AAPL,14
540,2/24/2012,AAPL,14
541,2/27/2012,AAPL,15
542,2/28/2012,AAPL,15
543,2/29/2012,AAPL,15
544,3/1/2012,AAPL,15
545,3/2/2012,AAPL,15
546,3/5/2012,AAPL,15
547,3/6/2012,AAPL,15
548,3/7/2012,AAPL,15
549,3/8/2012,AAPL,15
550,3/9/2012,AAPL,15
551,3/12/2012,AAPL,15
552,3/13/2012,AAPL,16
553,3/14/2012,AAPL,16
554,3/15/2012,AAPL,16
555,3/16/2012,AAPL,16
556,3/19/2012,AAPL,17
557,3/20/2012,AAPL,17
558,3/21/2012,AAPL,17
559,3/22/2012,AAPL,17
560,3/23/2012,AAPL,17
561,3/26/2012,AAPL,17
562,3/27/2012,AAPL,17
563,3/28/2012,AAPL,17
564,3/29/2012,AAPL,17
565,3/30/2012,AAPL,17
566,4/2/2012,AAPL,17
567,4/3/2012,AAPL,17
568,4/4/2012,AAPL,17
569,4/5/2012,AAPL,18
570,4/9/2012,AAPL,18
571,4/10/2012,AAPL,17
572,4/11/2012,AAPL,17
573,4/12/2012,AAPL,17
574,4/13/2012,AAPL,17
575,4/16/2012,AAPL,16
576,4/17/2012,AAPL,17
577,4/18/2012,AAPL,17
578,4/19/2012,AAPL,16
579,4/20/2012,AAPL,16
580,4/23/2012,AAPL,16
581,4/24/2012,AAPL,16
582,4/25/2012,AAPL,17
583,4/26/2012,AAPL,17
584,4/27/2012,AAPL,17
585,4/30/2012,AAPL,16
586,5/1/2012,AAPL,16
587,5/2/2012,AAPL,16
588,5/3/2012,AAPL,16
589,5/4/2012,AAPL,16
590,5/7/2012,AAPL,16
591,5/8/2012,AAPL,16
592,5/9/2012,AAPL,16
593,5/10/2012,AAPL,16
594,5/11/2012,AAPL,16
595,5/14/2012,AAPL,15
596,5/15/2012,AAPL,15
597,5/16/2012,AAPL,15
598,5/17/2012,AAPL,15
599,5/18/2012,AAPL,15
600,5/21/2012,AAPL,16
601,5/22/2012,AAPL,15
602,5/23/2012,AAPL,16
603,5/24/2012,AAPL,16
604,5/25/2012,AAPL,16
605,5/29/2012,AAPL,16
606,5/30/2012,AAPL,16
607,5/31/2012,AAPL,16
608,6/1/2012,AAPL,16
609,6/4/2012,AAPL,16
610,6/5/2012,AAPL,16
611,6/6/2012,AAPL,16
612,6/7/2012,AAPL,16
613,6/8/2012,AAPL,16
614,6/11/2012,AAPL,16
615,6/12/2012,AAPL,16
616,6/13/2012,AAPL,16
617,6/14/2012,AAPL,16
618,6/15/2012,AAPL,16
619,6/18/2012,AAPL,16
620,6/19/2012,AAPL,16
621,6/20/2012,AAPL,16
622,6/21/2012,AAPL,16
623,6/22/2012,AAPL,16
624,6/25/2012,AAPL,16
625,6/26/2012,AAPL,16
626,6/27/2012,AAPL,16
627,6/28/2012,AAPL,16
628,6/29/2012,AAPL,16
629,7/2/2012,AAPL,16
630,7/3/2012,AAPL,17
631,7/5/2012,AAPL,17
632,7/6/2012,AAPL,17
633,7/9/2012,AAPL,17
634,7/10/2012,AAPL,17
635,7/11/2012,AAPL,17
636,7/12/2012,AAPL,17
637,7/13/2012,AAPL,17
638,7/16/2012,AAPL,17
639,7/17/2012,AAPL,17
640,7/18/2012,AAPL,17
641,7/19/2012,AAPL,17
642,7/20/2012,AAPL,17
643,7/23/2012,AAPL,17
644,7/24/2012,AAPL,17
645,7/25/2012,AAPL,16
646,7/26/2012,AAPL,16
647,7/27/2012,AAPL,16
648,7/30/2012,AAPL,17
649,7/31/2012,AAPL,17
650,8/1/2012,AAPL,17
651,8/2/2012,AAPL,17
652,8/3/2012,AAPL,17
653,8/6/2012,AAPL,17
654,8/7/2012,AAPL,17
655,8/8/2012,AAPL,17
656,8/9/2012,AAPL,17
657,8/10/2012,AAPL,17
658,8/13/2012,AAPL,18
659,8/14/2012,AAPL,18
660,8/15/2012,AAPL,18
661,8/16/2012,AAPL,18
662,8/17/2012,AAPL,18
663,8/20/2012,AAPL,19
664,8/21/2012,AAPL,18
665,8/22/2012,AAPL,19
666,8/23/2012,AAPL,18
667,8/24/2012,AAPL,18
668,8/27/2012,AAPL,19
669,8/28/2012,AAPL,19
670,8/29/2012,AAPL,19
671,8/30/2012,AAPL,18
672,8/31/2012,AAPL,19
673,9/4/2012,AAPL,19
674,9/5/2012,AAPL,19
675,9/6/2012,AAPL,19
676,9/7/2012,AAPL,19
677,9/10/2012,AAPL,18
678,9/11/2012,AAPL,18
679,9/12/2012,AAPL,19
680,9/13/2012,AAPL,19
681,9/14/2012,AAPL,19
682,9/17/2012,AAPL,19
683,9/18/2012,AAPL,20
684,9/19/2012,AAPL,20
685,9/20/2012,AAPL,19
686,9/21/2012,AAPL,20
687,9/24/2012,AAPL,19
688,9/25/2012,AAPL,19
689,9/26/2012,AAPL,19
690,9/27/2012,AAPL,19
691,9/28/2012,AAPL,19
692,10/1/2012,AAPL,18
693,10/2/2012,AAPL,18
694,10/3/2012,AAPL,19
695,10/4/2012,AAPL,19
696,10/5/2012,AAPL,18
697,10/8/2012,AAPL,18
698,10/9/2012,AAPL,18
699,10/10/2012,AAPL,18
700,10/11/2012,AAPL,17
701,10/12/2012,AAPL,17
702,10/15/2012,AAPL,18
703,10/16/2012,AAPL,18
704,10/17/2012,AAPL,18
705,10/18/2012,AAPL,18
706,10/19/2012,AAPL,17
707,10/22/2012,AAPL,18
708,10/23/2012,AAPL,17
709,10/24/2012,AAPL,17
710,10/25/2012,AAPL,17
711,10/26/2012,AAPL,17
712,10/31/2012,AAPL,17
713,11/1/2012,AAPL,17
714,11/2/2012,AAPL,16
715,11/5/2012,AAPL,16
716,11/6/2012,AAPL,16
717,11/7/2012,AAPL,15
718,11/8/2012,AAPL,15
719,11/9/2012,AAPL,15
720,11/12/2012,AAPL,15
721,11/13/2012,AAPL,15
722,11/14/2012,AAPL,15
723,11/15/2012,AAPL,15
724,11/16/2012,AAPL,15
725,11/19/2012,AAPL,16
726,11/20/2012,AAPL,16
727,11/21/2012,AAPL,16
728,11/23/2012,AAPL,16
729,11/26/2012,AAPL,16
730,11/27/2012,AAPL,16
731,11/28/2012,AAPL,16
732,11/29/2012,AAPL,16
733,11/30/2012,AAPL,16
734,12/3/2012,AAPL,16
735,12/4/2012,AAPL,16
736,12/5/2012,AAPL,15
737,12/6/2012,AAPL,15
738,12/7/2012,AAPL,15
739,12/10/2012,AAPL,15
740,12/11/2012,AAPL,15
741,12/12/2012,AAPL,15
742,12/13/2012,AAPL,15
743,12/14/2012,AAPL,14
744,12/17/2012,AAPL,14
745,12/18/2012,AAPL,15
746,12/19/2012,AAPL,15
747,12/20/2012,AAPL,14
748,12/21/2012,AAPL,14
749,12/24/2012,AAPL,14
750,12/26/2012,AAPL,14
751,12/27/2012,AAPL,14
752,12/28/2012,AAPL,14
753,12/31/2012,AAPL,15
754,1/2/2013,AAPL,15
755,1/3/2013,AAPL,15
756,1/4/2013,AAPL,15
757,1/7/2013,AAPL,14
758,1/8/2013,AAPL,15
759,1/9/2013,AAPL,14
760,1/10/2013,AAPL,14
761,1/11/2013,AAPL,14
762,1/14/2013,AAPL,14
763,1/15/2013,AAPL,13
764,1/16/2013,AAPL,14
765,1/17/2013,AAPL,14
766,1/18/2013,AAPL,14
767,1/22/2013,AAPL,14
768,1/23/2013,AAPL,14
769,1/24/2013,AAPL,12
770,1/25/2013,AAPL,12
771,1/28/2013,AAPL,12
772,1/29/2013,AAPL,13
773,1/30/2013,AAPL,13
774,1/31/2013,AAPL,13
775,2/1/2013,AAPL,12
776,2/4/2013,AAPL,12
777,2/5/2013,AAPL,13
778,2/6/2013,AAPL,13
779,2/7/2013,AAPL,13
780,2/8/2013,AAPL,13
781,2/11/2013,AAPL,13
782,2/12/2013,AAPL,13
783,2/13/2013,AAPL,13
784,2/14/2013,AAPL,13
785,2/15/2013,AAPL,13
786,2/19/2013,AAPL,13
787,2/20/2013,AAPL,12
788,2/21/2013,AAPL,12
789,2/22/2013,AAPL,12
790,2/25/2013,AAPL,12
791,2/26/2013,AAPL,12
792,2/27/2013,AAPL,12
793,2/28/2013,AAPL,12
794,3/1/2013,AAPL,12
795,3/4/2013,AAPL,12
796,3/5/2013,AAPL,12
797,3/6/2013,AAPL,12
798,3/7/2013,AAPL,12
799,3/8/2013,AAPL,12
800,3/11/2013,AAPL,12
801,3/12/2013,AAPL,12
802,3/13/2013,AAPL,12
803,3/14/2013,AAPL,12
804,3/15/2013,AAPL,12
805,3/18/2013,AAPL,13
806,3/19/2013,AAPL,12
807,3/20/2013,AAPL,12
808,3/21/2013,AAPL,12
809,3/22/2013,AAPL,13
810,3/25/2013,AAPL,13
811,3/26/2013,AAPL,13
812,3/27/2013,AAPL,12
813,3/28/2013,AAPL,12
814,4/1/2013,AAPL,12
815,4/2/2013,AAPL,12
816,4/3/2013,AAPL,12
817,4/4/2013,AAPL,12
818,4/5/2013,AAPL,12
819,4/8/2013,AAPL,12
820,4/9/2013,AAPL,12
821,4/10/2013,AAPL,12
822,4/11/2013,AAPL,12
823,4/12/2013,AAPL,12
824,4/15/2013,AAPL,11
825,4/16/2013,AAPL,12
826,4/17/2013,AAPL,11
827,4/18/2013,AAPL,11
828,4/19/2013,AAPL,11
829,4/22/2013,AAPL,11
830,4/23/2013,AAPL,11
831,4/24/2013,AAPL,11
832,4/25/2013,AAPL,11
833,4/26/2013,AAPL,11
834,4/29/2013,AAPL,12
835,4/30/2013,AAPL,12
836,5/1/2013,AAPL,12
837,5/2/2013,AAPL,12
838,5/3/2013,AAPL,12
839,5/6/2013,AAPL,13
840,5/7/2013,AAPL,13
841,5/8/2013,AAPL,13
842,5/9/2013,AAPL,13
843,5/10/2013,AAPL,12
844,5/13/2013,AAPL,12
845,5/14/2013,AAPL,12
846,5/15/2013,AAPL,12
847,5/16/2013,AAPL,12
848,5/17/2013,AAPL,12
849,5/20/2013,AAPL,12
850,5/21/2013,AAPL,12
851,5/22/2013,AAPL,12
852,5/23/2013,AAPL,12
853,5/24/2013,AAPL,12
854,5/28/2013,AAPL,12
855,5/29/2013,AAPL,12
856,5/30/2013,AAPL,12
857,5/31/2013,AAPL,12
858,6/3/2013,AAPL,12
859,6/4/2013,AAPL,12
860,6/5/2013,AAPL,12
861,6/6/2013,AAPL,12
862,6/7/2013,AAPL,12
863,6/10/2013,AAPL,12
864,6/11/2013,AAPL,12
865,6/12/2013,AAPL,12
866,6/13/2013,AAPL,12
867,6/14/2013,AAPL,12
868,6/17/2013,AAPL,12
869,6/18/2013,AAPL,12
870,6/19/2013,AAPL,12
871,6/20/2013,AAPL,11
872,6/21/2013,AAPL,11
873,6/24/2013,AAPL,11
874,6/25/2013,AAPL,11
875,6/26/2013,AAPL,11
876,6/27/2013,AAPL,11
877,6/28/2013,AAPL,11
878,7/1/2013,AAPL,11
879,7/2/2013,AAPL,11
880,7/3/2013,AAPL,12
881,7/5/2013,AAPL,11
882,7/8/2013,AAPL,11
883,7/9/2013,AAPL,12
884,7/10/2013,AAPL,12
885,7/11/2013,AAPL,12
886,7/12/2013,AAPL,12
887,7/15/2013,AAPL,12
888,7/16/2013,AAPL,12
889,7/17/2013,AAPL,12
890,7/18/2013,AAPL,12
891,7/19/2013,AAPL,12
892,7/22/2013,AAPL,12
893,7/23/2013,AAPL,11
894,7/24/2013,AAPL,12
895,7/25/2013,AAPL,12
896,7/26/2013,AAPL,12
897,7/29/2013,AAPL,12
898,7/30/2013,AAPL,12
899,7/31/2013,AAPL,12
900,8/1/2013,AAPL,13
901,8/2/2013,AAPL,13
902,8/5/2013,AAPL,13
903,8/6/2013,AAPL,13
904,8/7/2013,AAPL,13
905,8/8/2013,AAPL,13
906,8/9/2013,AAPL,12
907,8/12/2013,AAPL,13
908,8/13/2013,AAPL,13
909,8/14/2013,AAPL,14
910,8/15/2013,AAPL,14
911,8/16/2013,AAPL,14
912,8/19/2013,AAPL,14
913,8/20/2013,AAPL,14
914,8/21/2013,AAPL,14
915,8/22/2013,AAPL,14
916,8/23/2013,AAPL,14
917,8/26/2013,AAPL,14
918,8/27/2013,AAPL,13
919,8/28/2013,AAPL,14
920,8/29/2013,AAPL,14
921,8/30/2013,AAPL,13
922,9/3/2013,AAPL,13
923,9/4/2013,AAPL,14
924,9/5/2013,AAPL,14
925,9/6/2013,AAPL,14
926,9/9/2013,AAPL,14
927,9/10/2013,AAPL,14
928,9/11/2013,AAPL,13
929,9/12/2013,AAPL,13
930,9/13/2013,AAPL,13
931,9/16/2013,AAPL,12
932,9/17/2013,AAPL,13
933,9/18/2013,AAPL,13
934,9/19/2013,AAPL,13
935,9/20/2013,AAPL,13
936,9/23/2013,AAPL,14
937,9/24/2013,AAPL,13
938,9/25/2013,AAPL,13
939,9/26/2013,AAPL,13
940,9/27/2013,AAPL,13
941,9/30/2013,AAPL,13
942,10/1/2013,AAPL,13
943,10/2/2013,AAPL,13
944,10/3/2013,AAPL,13
945,10/4/2013,AAPL,13
946,10/7/2013,AAPL,13
947,10/8/2013,AAPL,13
948,10/9/2013,AAPL,13
949,10/10/2013,AAPL,13
950,10/11/2013,AAPL,14
951,10/14/2013,AAPL,14
952,10/15/2013,AAPL,14
953,10/16/2013,AAPL,14
954,10/17/2013,AAPL,14
955,10/18/2013,AAPL,14
956,10/21/2013,AAPL,14
957,10/22/2013,AAPL,14
958,10/23/2013,AAPL,14
959,10/24/2013,AAPL,15
960,10/25/2013,AAPL,15
961,10/28/2013,AAPL,15
962,10/29/2013,AAPL,14
963,10/30/2013,AAPL,14
964,10/31/2013,AAPL,14
965,11/1/2013,AAPL,14
966,11/4/2013,AAPL,15
967,11/5/2013,AAPL,15
968,11/6/2013,AAPL,14
969,11/7/2013,AAPL,14
970,11/8/2013,AAPL,14
971,11/11/2013,AAPL,14
972,11/12/2013,AAPL,14
973,11/13/2013,AAPL,14
974,11/14/2013,AAPL,15
975,11/15/2013,AAPL,14
976,11/18/2013,AAPL,14
977,11/19/2013,AAPL,14
978,11/20/2013,AAPL,14
979,11/21/2013,AAPL,14
980,11/22/2013,AAPL,14
981,11/25/2013,AAPL,14
982,11/26/2013,AAPL,15
983,11/27/2013,AAPL,15
984,11/29/2013,AAPL,15
985,12/2/2013,AAPL,15
986,12/3/2013,AAPL,16
987,12/4/2013,AAPL,16
988,12/5/2013,AAPL,16
989,12/6/2013,AAPL,16
990,12/9/2013,AAPL,16
991,12/10/2013,AAPL,16
992,12/11/2013,AAPL,16
993,12/12/2013,AAPL,16
994,12/13/2013,AAPL,15
995,12/16/2013,AAPL,15
996,12/17/2013,AAPL,15
997,12/18/2013,AAPL,15
998,12/19/2013,AAPL,15
999,12/20/2013,AAPL,15
1000,12/23/2013,AAPL,16
1001,12/24/2013,AAPL,16
1002,12/26/2013,AAPL,16
1003,12/27/2013,AAPL,16
1004,12/30/2013,AAPL,15
1005,12/31/2013,AAPL,16
1006,1/2/2014,AAPL,15
1007,1/3/2014,AAPL,15
1008,1/6/2014,AAPL,15
1009,1/7/2014,AAPL,15
1010,1/8/2014,AAPL,15
1011,1/9/2014,AAPL,15
1012,1/10/2014,AAPL,15
1013,1/13/2014,AAPL,15
1014,1/14/2014,AAPL,15
1015,1/15/2014,AAPL,15
1016,1/16/2014,AAPL,15
1017,1/17/2014,AAPL,15
1018,1/21/2014,AAPL,15
1019,1/22/2014,AAPL,15
1020,1/23/2014,AAPL,15
1021,1/24/2014,AAPL,15
1022,1/27/2014,AAPL,15
1023,1/28/2014,AAPL,14
1024,1/29/2014,AAPL,14
1025,1/30/2014,AAPL,14
1026,1/31/2014,AAPL,14
1027,2/3/2014,AAPL,14
1028,2/4/2014,AAPL,14
1029,2/5/2014,AAPL,14
1030,2/6/2014,AAPL,14
1031,2/7/2014,AAPL,14
1032,2/10/2014,AAPL,15
1033,2/11/2014,AAPL,15
1034,2/12/2014,AAPL,15
1035,2/13/2014,AAPL,15
1036,2/14/2014,AAPL,15
1037,2/18/2014,AAPL,15
1038,2/19/2014,AAPL,15
1039,2/20/2014,AAPL,15
1040,2/21/2014,AAPL,15
1041,2/24/2014,AAPL,15
1042,2/25/2014,AAPL,14
1043,2/26/2014,AAPL,14
1044,2/27/2014,AAPL,15
1045,2/28/2014,AAPL,15
1046,3/3/2014,AAPL,15
1047,3/4/2014,AAPL,15
1048,3/5/2014,AAPL,15
1049,3/6/2014,AAPL,15
1050,3/7/2014,AAPL,15
1051,3/10/2014,AAPL,15
1052,3/11/2014,AAPL,15
1053,3/12/2014,AAPL,15
1054,3/13/2014,AAPL,15
1055,3/14/2014,AAPL,14
1056,3/17/2014,AAPL,15
1057,3/18/2014,AAPL,15
1058,3/19/2014,AAPL,15
1059,3/20/2014,AAPL,15
1060,3/21/2014,AAPL,15
1061,3/24/2014,AAPL,15
1062,3/25/2014,AAPL,15
1063,3/26/2014,AAPL,15
1064,3/27/2014,AAPL,15
1065,3/28/2014,AAPL,15
1066,3/31/2014,AAPL,15
1067,4/1/2014,AAPL,15
1068,4/2/2014,AAPL,15
1069,4/3/2014,AAPL,15
1070,4/4/2014,AAPL,15
1071,4/7/2014,AAPL,14
1072,4/8/2014,AAPL,14
1073,4/9/2014,AAPL,15
1074,4/10/2014,AAPL,14
1075,4/11/2014,AAPL,14
1076,4/14/2014,AAPL,14
1077,4/15/2014,AAPL,14
1078,4/16/2014,AAPL,14
1079,4/17/2014,AAPL,14
1080,4/21/2014,AAPL,15
1081,4/22/2014,AAPL,15
1082,4/23/2014,AAPL,14
1083,4/24/2014,AAPL,16
1084,4/25/2014,AAPL,16
1085,4/28/2014,AAPL,16
1086,4/29/2014,AAPL,16
1087,4/30/2014,AAPL,16
1088,5/1/2014,AAPL,16
1089,5/2/2014,AAPL,16
1090,5/5/2014,AAPL,17
1091,5/6/2014,AAPL,16
1092,5/7/2014,AAPL,16
1093,5/8/2014,AAPL,16
1094,5/9/2014,AAPL,16
1095,5/12/2014,AAPL,16
1096,5/13/2014,AAPL,16
1097,5/14/2014,AAPL,16
1098,5/15/2014,AAPL,16
1099,5/16/2014,AAPL,17
1100,5/19/2014,AAPL,17
1101,5/20/2014,AAPL,17
1102,5/21/2014,AAPL,17
1103,5/22/2014,AAPL,17
1104,5/23/2014,AAPL,17
1105,5/27/2014,AAPL,17
1106,5/28/2014,AAPL,17
1107,5/29/2014,AAPL,18
1108,5/30/2014,AAPL,18
1109,6/2/2014,AAPL,17
1110,6/3/2014,AAPL,18
1111,6/4/2014,AAPL,18
1112,6/5/2014,AAPL,18
1113,6/6/2014,AAPL,18
1114,6/9/2014,AAPL,18
1115,6/10/2014,AAPL,18
1116,6/11/2014,AAPL,18
1117,6/12/2014,AAPL,18
1118,6/13/2014,AAPL,18
1119,6/16/2014,AAPL,18
1120,6/17/2014,AAPL,18
1121,6/18/2014,AAPL,18
1122,6/19/2014,AAPL,18
1123,6/20/2014,AAPL,18
1124,6/23/2014,AAPL,18
1125,6/24/2014,AAPL,18
1126,6/25/2014,AAPL,18
1127,6/26/2014,AAPL,18
1128,6/27/2014,AAPL,18
1129,6/30/2014,AAPL,18
1130,7/1/2014,AAPL,18
1131,7/2/2014,AAPL,18
1132,7/3/2014,AAPL,18
1133,7/7/2014,AAPL,19
1134,7/8/2014,AAPL,19
1135,7/9/2014,AAPL,19
1136,7/10/2014,AAPL,19
1137,7/11/2014,AAPL,19
1138,7/14/2014,AAPL,19
1139,7/15/2014,AAPL,19
1140,7/16/2014,AAPL,18
1141,7/17/2014,AAPL,18
1142,7/18/2014,AAPL,18
1143,7/21/2014,AAPL,18
1144,7/22/2014,AAPL,18
1145,7/23/2014,AAPL,19
1146,7/24/2014,AAPL,19
1147,7/25/2014,AAPL,19
1148,7/28/2014,AAPL,19
1149,7/29/2014,AAPL,19
1150,7/30/2014,AAPL,19
1151,7/31/2014,AAPL,19
1152,8/1/2014,AAPL,19
1153,8/4/2014,AAPL,19
1154,8/5/2014,AAPL,19
1155,8/6/2014,AAPL,18
1156,8/7/2014,AAPL,18
1157,8/8/2014,AAPL,18
1158,8/11/2014,AAPL,19
1159,8/12/2014,AAPL,19
1160,8/13/2014,AAPL,19
1161,8/14/2014,AAPL,19
1162,8/15/2014,AAPL,19
1163,8/18/2014,AAPL,19
1164,8/19/2014,AAPL,20
1165,8/20/2014,AAPL,20
1166,8/21/2014,AAPL,20
1167,8/22/2014,AAPL,20
1168,8/25/2014,AAPL,20
1169,8/26/2014,AAPL,20
1170,8/27/2014,AAPL,20
1171,8/28/2014,AAPL,20
1172,8/29/2014,AAPL,20
1173,9/2/2014,AAPL,20
1174,9/3/2014,AAPL,19
1175,9/4/2014,AAPL,19
1176,9/5/2014,AAPL,19
1177,9/8/2014,AAPL,19
1178,9/9/2014,AAPL,19
1179,9/10/2014,AAPL,20
1180,9/11/2014,AAPL,20
1181,9/12/2014,AAPL,20
1182,9/15/2014,AAPL,20
1183,9/16/2014,AAPL,20
1184,9/17/2014,AAPL,20
1185,9/18/2014,AAPL,20
1186,9/19/2014,AAPL,20
1187,9/22/2014,AAPL,20
1188,9/23/2014,AAPL,20
1189,9/24/2014,AAPL,20
1190,9/25/2014,AAPL,19
1191,9/26/2014,AAPL,20
1192,9/29/2014,AAPL,20
1193,9/30/2014,AAPL,20
1194,10/1/2014,AAPL,19
1195,10/2/2014,AAPL,19
1196,10/3/2014,AAPL,19
1197,10/6/2014,AAPL,19
1198,10/7/2014,AAPL,19
1199,10/8/2014,AAPL,20
1200,10/9/2014,AAPL,20
1201,10/10/2014,AAPL,20
1202,10/13/2014,AAPL,19
1203,10/14/2014,AAPL,19
1204,10/15/2014,AAPL,19
1205,10/16/2014,AAPL,19
1206,10/17/2014,AAPL,19
1207,10/20/2014,AAPL,19
1208,10/21/2014,AAPL,20
1209,10/22/2014,AAPL,20
1210,10/23/2014,AAPL,20
1211,10/24/2014,AAPL,21
1212,10/27/2014,AAPL,21
1213,10/28/2014,AAPL,21
1214,10/29/2014,AAPL,21
1215,10/30/2014,AAPL,21
1216,10/31/2014,AAPL,21
1217,11/3/2014,AAPL,21
1218,11/4/2014,AAPL,21
1219,11/5/2014,AAPL,21
1220,11/6/2014,AAPL,21
1221,11/7/2014,AAPL,21
1222,11/10/2014,AAPL,21
1223,11/11/2014,AAPL,21
1224,11/12/2014,AAPL,22
1225,11/13/2014,AAPL,22
1226,11/14/2014,AAPL,22
1227,11/17/2014,AAPL,22
1228,11/18/2014,AAPL,23
1229,11/19/2014,AAPL,22
1230,11/20/2014,AAPL,23
1231,11/21/2014,AAPL,23
1232,11/24/2014,AAPL,23
1233,11/25/2014,AAPL,23
1234,11/26/2014,AAPL,23
1235,11/28/2014,AAPL,23
1236,12/1/2014,AAPL,23
1237,12/2/2014,AAPL,22
1238,12/3/2014,AAPL,23
1239,12/4/2014,AAPL,23
1240,12/5/2014,AAPL,23
1241,12/8/2014,AAPL,22
1242,12/9/2014,AAPL,22
1243,12/10/2014,AAPL,22
1244,12/11/2014,AAPL,22
1245,12/12/2014,AAPL,21
1246,12/15/2014,AAPL,21
1247,12/16/2014,AAPL,21
1248,12/17/2014,AAPL,21
1249,12/18/2014,AAPL,22
1250,12/19/2014,AAPL,22
1251,12/22/2014,AAPL,22
1252,12/23/2014,AAPL,22
1253,12/24/2014,AAPL,22
1254,12/26/2014,AAPL,22
1255,12/29/2014,AAPL,22
1256,12/30/2014,AAPL,22
1257,12/31/2014,AAPL,22
1258,1/2/2015,AAPL,21
1259,1/5/2015,AAPL,21
1260,1/6/2015,AAPL,21
1261,1/7/2015,AAPL,21
1262,1/8/2015,AAPL,22
1263,1/9/2015,AAPL,22
1264,1/12/2015,AAPL,21
1265,1/13/2015,AAPL,22
1266,1/14/2015,AAPL,21
1267,1/15/2015,AAPL,21
1268,1/16/2015,AAPL,21
1269,1/20/2015,AAPL,21
1270,1/21/2015,AAPL,21
1271,1/22/2015,AAPL,22
1272,1/23/2015,AAPL,22
1273,1/26/2015,AAPL,22
1274,1/27/2015,AAPL,21
1275,1/28/2015,AAPL,23
1276,1/29/2015,AAPL,23
1277,1/30/2015,AAPL,23
1278,2/2/2015,AAPL,23
1279,2/3/2015,AAPL,23
1280,2/4/2015,AAPL,23
1281,2/5/2015,AAPL,23
1282,2/6/2015,AAPL,23
1283,2/9/2015,AAPL,23
1284,2/10/2015,AAPL,24
1285,2/11/2015,AAPL,24
1286,2/12/2015,AAPL,25
1287,2/13/2015,AAPL,25
1288,2/17/2015,AAPL,25
1289,2/18/2015,AAPL,25
1290,2/19/2015,AAPL,25
1291,2/20/2015,AAPL,25
1292,2/23/2015,AAPL,26
1293,2/24/2015,AAPL,26
1294,2/25/2015,AAPL,25
1295,2/26/2015,AAPL,26
1296,2/27/2015,AAPL,25
1297,3/2/2015,AAPL,25
1298,3/3/2015,AAPL,25
1299,3/4/2015,AAPL,25
1300,3/5/2015,AAPL,25
1301,3/6/2015,AAPL,25
1302,3/9/2015,AAPL,25
1303,3/10/2015,AAPL,24
1304,3/11/2015,AAPL,24
1305,3/12/2015,AAPL,24
1306,3/13/2015,AAPL,24
1307,3/16/2015,AAPL,24
1308,3/17/2015,AAPL,25
1309,3/18/2015,AAPL,25
1310,3/19/2015,AAPL,25
1311,3/20/2015,AAPL,25
1312,3/23/2015,AAPL,25
1313,3/24/2015,AAPL,25
1314,3/25/2015,AAPL,24
1315,3/26/2015,AAPL,24
1316,3/27/2015,AAPL,24
1317,3/30/2015,AAPL,25
1318,3/31/2015,AAPL,24
1319,4/1/2015,AAPL,24
1320,4/2/2015,AAPL,25
1321,4/6/2015,AAPL,25
1322,4/7/2015,AAPL,25
1323,4/8/2015,AAPL,25
1324,4/9/2015,AAPL,25
1325,4/10/2015,AAPL,25
1326,4/13/2015,AAPL,25
1327,4/14/2015,AAPL,25
1328,4/15/2015,AAPL,25
1329,4/16/2015,AAPL,25
1330,4/17/2015,AAPL,24
1331,4/20/2015,AAPL,25
1332,4/21/2015,AAPL,25
1333,4/22/2015,AAPL,25
1334,4/23/2015,AAPL,25
1335,4/24/2015,AAPL,26
1336,4/27/2015,AAPL,26
1337,4/28/2015,AAPL,26
1338,4/29/2015,AAPL,25
1339,4/30/2015,AAPL,25
1340,5/1/2015,AAPL,25
1341,5/4/2015,AAPL,25
1342,5/5/2015,AAPL,25
1343,5/6/2015,AAPL,25
1344,5/7/2015,AAPL,25
1345,5/8/2015,AAPL,25
1346,5/11/2015,AAPL,25
1347,5/12/2015,AAPL,25
1348,5/13/2015,AAPL,25
1349,5/14/2015,AAPL,25
1350,5/15/2015,AAPL,25
1351,5/18/2015,AAPL,26
1352,5/19/2015,AAPL,26
1353,5/20/2015,AAPL,26
1354,5/21/2015,AAPL,26
1355,5/22/2015,AAPL,26
1356,5/26/2015,AAPL,25
1357,5/27/2015,AAPL,26
1358,5/28/2015,AAPL,26
1359,5/29/2015,AAPL,26
1360,6/1/2015,AAPL,26
1361,6/2/2015,AAPL,25
1362,6/3/2015,AAPL,26
1363,6/4/2015,AAPL,25
1364,6/5/2015,AAPL,25
1365,6/8/2015,AAPL,25
1366,6/9/2015,AAPL,25
1367,6/10/2015,AAPL,25
1368,6/11/2015,AAPL,25
1369,6/12/2015,AAPL,25
1370,6/15/2015,AAPL,25
1371,6/16/2015,AAPL,25
1372,6/17/2015,AAPL,25
1373,6/18/2015,AAPL,25
1374,6/19/2015,AAPL,25
1375,6/22/2015,AAPL,25
1376,6/23/2015,AAPL,25
1377,6/24/2015,AAPL,25
1378,6/25/2015,AAPL,25
1379,6/26/2015,AAPL,25
1380,6/29/2015,AAPL,24
1381,6/30/2015,AAPL,25
1382,7/1/2015,AAPL,25
1383,7/2/2015,AAPL,25
1384,7/6/2015,AAPL,25
1385,7/7/2015,AAPL,25
1386,7/8/2015,AAPL,24
1387,7/9/2015,AAPL,24
1388,7/10/2015,AAPL,24
1389,7/13/2015,AAPL,25
1390,7/14/2015,AAPL,25
1391,7/15/2015,AAPL,25
1392,7/16/2015,AAPL,25
1393,7/17/2015,AAPL,25
1394,7/20/2015,AAPL,26
1395,7/21/2015,AAPL,26
1396,7/22/2015,AAPL,25
1397,7/23/2015,AAPL,25
1398,7/24/2015,AAPL,24
1399,7/27/2015,AAPL,24
1400,7/28/2015,AAPL,24
1401,7/29/2015,AAPL,24
1402,7/30/2015,AAPL,24
1403,7/31/2015,AAPL,24
1404,8/3/2015,AAPL,23
1405,8/4/2015,AAPL,22
1406,8/5/2015,AAPL,23
1407,8/6/2015,AAPL,23
1408,8/7/2015,AAPL,23
1409,8/10/2015,AAPL,23
1410,8/11/2015,AAPL,22
1411,8/12/2015,AAPL,23
1412,8/13/2015,AAPL,23
1413,8/14/2015,AAPL,23
1414,8/17/2015,AAPL,23
1415,8/18/2015,AAPL,23
1416,8/19/2015,AAPL,23
1417,8/20/2015,AAPL,22
1418,8/21/2015,AAPL,21
1419,8/24/2015,AAPL,20
1420,8/25/2015,AAPL,20
1421,8/26/2015,AAPL,21
1422,8/27/2015,AAPL,22
1423,8/28/2015,AAPL,22
1424,8/31/2015,AAPL,22
1425,9/1/2015,AAPL,21
1426,9/2/2015,AAPL,22
1427,9/3/2015,AAPL,22
1428,9/4/2015,AAPL,21
1429,9/8/2015,AAPL,22
1430,9/9/2015,AAPL,22
1431,9/10/2015,AAPL,22
1432,9/11/2015,AAPL,22
1433,9/14/2015,AAPL,23
1434,9/15/2015,AAPL,23
1435,9/16/2015,AAPL,23
1436,9/17/2015,AAPL,22
1437,9/18/2015,AAPL,22
1438,9/21/2015,AAPL,23
1439,9/22/2015,AAPL,22
1440,9/23/2015,AAPL,22
1441,9/24/2015,AAPL,23
1442,9/25/2015,AAPL,22
1443,9/28/2015,AAPL,22
1444,9/29/2015,AAPL,21
1445,9/30/2015,AAPL,22
1446,10/1/2015,AAPL,21
1447,10/2/2015,AAPL,22
1448,10/5/2015,AAPL,22
1449,10/6/2015,AAPL,22
1450,10/7/2015,AAPL,22
1451,10/8/2015,AAPL,21
1452,10/9/2015,AAPL,22
1453,10/12/2015,AAPL,22
1454,10/13/2015,AAPL,22
1455,10/14/2015,AAPL,22
1456,10/15/2015,AAPL,22
1457,10/16/2015,AAPL,22
1458,10/19/2015,AAPL,22
1459,10/20/2015,AAPL,22
1460,10/21/2015,AAPL,22
1461,10/22/2015,AAPL,23
1462,10/23/2015,AAPL,23
1463,10/26/2015,AAPL,23
1464,10/27/2015,AAPL,22
1465,10/28/2015,AAPL,23
1466,10/29/2015,AAPL,24
1467,10/30/2015,AAPL,23
1468,11/2/2015,AAPL,24
1469,11/3/2015,AAPL,24
1470,11/4/2015,AAPL,24
1471,11/5/2015,AAPL,24
1472,11/6/2015,AAPL,24
1473,11/9/2015,AAPL,24
1474,11/10/2015,AAPL,23
1475,11/11/2015,AAPL,23
1476,11/12/2015,AAPL,23
1477,11/13/2015,AAPL,22
1478,11/16/2015,AAPL,22
1479,11/17/2015,AAPL,22
1480,11/18/2015,AAPL,23
1481,11/19/2015,AAPL,23
1482,11/20/2015,AAPL,23
1483,11/23/2015,AAPL,23
1484,11/24/2015,AAPL,23
1485,11/25/2015,AAPL,23
1486,11/27/2015,AAPL,23
1487,11/30/2015,AAPL,23
1488,12/1/2015,AAPL,23
1489,12/2/2015,AAPL,23
1490,12/3/2015,AAPL,23
1491,12/4/2015,AAPL,23
1492,12/7/2015,AAPL,23
1493,12/8/2015,AAPL,23
1494,12/9/2015,AAPL,23
1495,12/10/2015,AAPL,23
1496,12/11/2015,AAPL,22
1497,12/14/2015,AAPL,22
1498,12/15/2015,AAPL,22
1499,12/16/2015,AAPL,22
1500,12/17/2015,AAPL,21
1501,12/18/2015,AAPL,21
1502,12/21/2015,AAPL,21
1503,12/22/2015,AAPL,21
1504,12/23/2015,AAPL,21
1505,12/24/2015,AAPL,21
1506,12/28/2015,AAPL,21
1507,12/29/2015,AAPL,21
1508,12/30/2015,AAPL,21
1509,12/31/2015,AAPL,21
1510,1/4/2016,AAPL,21
1511,1/5/2016,AAPL,20
1512,1/6/2016,AAPL,20
1513,1/7/2016,AAPL,19
1514,1/8/2016,AAPL,19
1515,1/11/2016,AAPL,19
1516,1/12/2016,AAPL,19
1517,1/13/2016,AAPL,19
1518,1/14/2016,AAPL,19
1519,1/15/2016,AAPL,19
1520,1/19/2016,AAPL,19
1521,1/20/2016,AAPL,19
1522,1/21/2016,AAPL,19
1523,1/22/2016,AAPL,20
1524,1/25/2016,AAPL,19
1525,1/26/2016,AAPL,19
1526,1/27/2016,AAPL,18
1527,1/28/2016,AAPL,18
1528,1/29/2016,AAPL,19
1529,2/1/2016,AAPL,19
1530,2/2/2016,AAPL,18
1531,2/3/2016,AAPL,19
1532,2/4/2016,AAPL,19
1533,2/5/2016,AAPL,18
1534,2/8/2016,AAPL,19
1535,2/9/2016,AAPL,18
1536,2/10/2016,AAPL,18
1537,2/11/2016,AAPL,18
1538,2/12/2016,AAPL,18
1539,2/16/2016,AAPL,19
1540,2/17/2016,AAPL,19
1541,2/18/2016,AAPL,19
1542,2/19/2016,AAPL,19
1543,2/22/2016,AAPL,19
1544,2/23/2016,AAPL,18
1545,2/24/2016,AAPL,19
1546,2/25/2016,AAPL,19
1547,2/26/2016,AAPL,19
1548,2/29/2016,AAPL,19
1549,3/1/2016,AAPL,20
1550,3/2/2016,AAPL,20
1551,3/3/2016,AAPL,20
1552,3/4/2016,AAPL,20
1553,3/7/2016,AAPL,20
1554,3/8/2016,AAPL,20
1555,3/9/2016,AAPL,20
1556,3/10/2016,AAPL,20
1557,3/11/2016,AAPL,20
1558,3/14/2016,AAPL,20
1559,3/15/2016,AAPL,20
1560,3/16/2016,AAPL,21
1561,3/17/2016,AAPL,21
1562,3/18/2016,AAPL,21
1563,3/21/2016,AAPL,21
1564,3/22/2016,AAPL,21
1565,3/23/2016,AAPL,21
1566,3/24/2016,AAPL,21
1567,3/28/2016,AAPL,21
1568,3/29/2016,AAPL,21
1569,3/30/2016,AAPL,21
1570,3/31/2016,AAPL,21
1571,4/1/2016,AAPL,21
1572,4/4/2016,AAPL,22
1573,4/5/2016,AAPL,21
1574,4/6/2016,AAPL,22
1575,4/7/2016,AAPL,21
1576,4/8/2016,AAPL,21
1577,4/11/2016,AAPL,21
1578,4/12/2016,AAPL,22
1579,4/13/2016,AAPL,22
1580,4/14/2016,AAPL,22
1581,4/15/2016,AAPL,21
1582,4/18/2016,AAPL,21
1583,4/19/2016,AAPL,21
1584,4/20/2016,AAPL,21
1585,4/21/2016,AAPL,21
1586,4/22/2016,AAPL,21
1587,4/25/2016,AAPL,21
1588,4/26/2016,AAPL,20
1589,4/27/2016,AAPL,19
1590,4/28/2016,AAPL,18
1591,4/29/2016,AAPL,18
1592,5/2/2016,AAPL,18
1593,5/3/2016,AAPL,19
1594,5/4/2016,AAPL,18
1595,5/5/2016,AAPL,18
1596,5/6/2016,AAPL,18
1597,5/9/2016,AAPL,18
1598,5/10/2016,AAPL,18
1599,5/11/2016,AAPL,18
1600,5/12/2016,AAPL,18
1601,5/13/2016,AAPL,18
1602,5/16/2016,AAPL,18
1603,5/17/2016,AAPL,18
1604,5/18/2016,AAPL,18
1605,5/19/2016,AAPL,18
1606,5/20/2016,AAPL,19
1607,5/23/2016,AAPL,19
1608,5/24/2016,AAPL,19
1609,5/25/2016,AAPL,19
1610,5/26/2016,AAPL,20
1611,5/27/2016,AAPL,20
1612,5/31/2016,AAPL,19
1613,6/1/2016,AAPL,19
1614,6/2/2016,AAPL,19
1615,6/3/2016,AAPL,19
1616,6/6/2016,AAPL,19
1617,6/7/2016,AAPL,19
1618,6/8/2016,AAPL,19
1619,6/9/2016,AAPL,19
1620,6/10/2016,AAPL,19
1621,6/13/2016,AAPL,19
1622,6/14/2016,AAPL,19
1623,6/15/2016,AAPL,19
1624,6/16/2016,AAPL,19
1625,6/17/2016,AAPL,19
1626,6/20/2016,AAPL,19
1627,6/21/2016,AAPL,19
1628,6/22/2016,AAPL,19
1629,6/23/2016,AAPL,19
1630,6/24/2016,AAPL,18
1631,6/27/2016,AAPL,18
1632,6/28/2016,AAPL,18
1633,6/29/2016,AAPL,18
1634,6/30/2016,AAPL,19
1635,7/1/2016,AAPL,19
1636,7/5/2016,AAPL,18
1637,7/6/2016,AAPL,19
1638,7/7/2016,AAPL,19
1639,7/8/2016,AAPL,19
1640,7/11/2016,AAPL,19
1641,7/12/2016,AAPL,19
1642,7/13/2016,AAPL,19
1643,7/14/2016,AAPL,19
1644,7/15/2016,AAPL,19
1645,7/18/2016,AAPL,19
1646,7/19/2016,AAPL,19
1647,7/20/2016,AAPL,19
1648,7/21/2016,AAPL,19
1649,7/22/2016,AAPL,19
1650,7/25/2016,AAPL,19
1651,7/26/2016,AAPL,19
1652,7/27/2016,AAPL,20
1653,7/28/2016,AAPL,20
1654,7/29/2016,AAPL,20
1655,8/1/2016,AAPL,21
1656,8/2/2016,AAPL,20
1657,8/3/2016,AAPL,21
1658,8/4/2016,AAPL,21
1659,8/5/2016,AAPL,21
1660,8/8/2016,AAPL,21
1661,8/9/2016,AAPL,21
1662,8/10/2016,AAPL,21
1663,8/11/2016,AAPL,21
1664,8/12/2016,AAPL,21
1665,8/15/2016,AAPL,21