,date,symbol,sales
0,1/4/2010,AAPL,6.0
1,1/5/2010,AAPL,6.0
2,1/6/2010,AAPL,6.0
3,1/7/2010,AAPL,6.0
4,1/8/2010,AAPL,6.0
5,1/11/2010,AAPL,6.0
6,1/12/2010,AAPL,5.0
7,1/13/2010,AAPL,6.0
8,1/14/2010,AAPL,5.0
9,1/15/2010,AAPL,5.0
10,1/19/2010,AAPL,6.0
11,1/20/2010,AAPL,6.0
12,1/21/2010,AAPL,5.0
13,1/22/2010,AAPL,5.0
14,1/25/2010,AAPL,5.0
15,1/26/2010,AAPL,5.0
16,1/27/2010,AAPL,5.0
17,1/28/2010,AAPL,5.0
18,1/29/2010,AAPL,5.0
19,2/1/2010,AAPL,5.0
20,2/2/2010,AAPL,5.0
21,2/3/2010,AAPL,5.0
22,2/4/2010,AAPL,5.0
23,2/5/2010,AAPL,5.0
24,2/8/2010,AAPL,5.0
25,2/9/2010,AAPL,5.0
26,2/10/2010,AAPL,5.0
27,2/11/2010,AAPL,5.0
28,2/12/2010,AAPL,5.0
29,2/16/2010,AAPL,5.0
30,2/17/2010,AAPL,5.0
31,2/18/2010,AAPL,5.0
32,2/19/2010,AAPL,5.0
33,2/22/2010,AAPL,5.0
34,2/23/2010,AAPL,5.0
35,2/24/2010,AAPL,5.0
36,2/25/2010,AAPL,5.0
37,2/26/2010,AAPL,5.0
38,3/1/2010,AAPL,5.0
39,3/2/2010,AAPL,5.0
40,3/3/2010,AAPL,5.0
41,3/4/2010,AAPL,6.0
42,3/5/2010,AAPL,6.0
43,3/8/2010,AAPL,6.0
44,3/9/2010,AAPL,6.0
45,3/10/2010,AAPL,6.0
46,3/11/2010,AAPL,6.0
47,3/12/2010,AAPL,6.0
48,3/15/2010,AAPL,6.0
49,3/16/2010,AAPL,6.0
50,3/17/2010,AAPL,6.0
51,3/18/2010,AAPL,6.0
52,3/19/2010,AAPL,6.0
53,3/22/2010,AAPL,6.0
54,3/23/2010,AAPL,6.0
55,3/24/2010,AAPL,6.0
56,3/25/2010,AAPL,6.0
57,3/26/2010,AAPL,6.0
58,3/29/2010,AAPL,6.0
59,3/30/2010,AAPL,6.0
60,3/31/2010,AAPL,6.0
61,4/1/2010,AAPL,6.0
62,4/5/2010,AAPL,6.0
63,4/6/2010,AAPL,6.0
64,4/7/2010,AAPL,6.0
65,4/8/2010,AAPL,6.0
66,4/9/2010,AAPL,6.0
67,4/12/2010,AAPL,6.0
68,4/13/2010,AAPL,6.0
69,4/14/2010,AAPL,7.0
70,4/15/2010,AAPL,7.0
71,4/16/2010,AAPL,7.0
72,4/19/2010,AAPL,7.0
73,4/20/2010,AAPL,6.0
74,4/21/2010,AAPL,7.0
75,4/22/2010,AAPL,7.0
76,4/23/2010,AAPL,7.0
77,4/26/2010,AAPL,7.0
78,4/27/2010,AAPL,7.0
79,4/28/2010,AAPL,7.0
80,4/29/2010,AAPL,7.0
81,4/30/2010,AAPL,7.0
82,5/3/2010,AAPL,7.0
83,5/4/2010,AAPL,7.0
84,5/5/2010,AAPL,7.0
85,5/6/2010,AAPL,7.0
86,5/7/2010,AAPL,6.0
87,5/10/2010,AAPL,7.0
88,5/11/2010,AAPL,7.0
89,5/12/2010,AAPL,7.0
90,5/13/2010,AAPL,7.0
91,5/14/2010,AAPL,7.0
92,5/17/2010,AAPL,7.0
93,5/18/2010,AAPL,7.0
94,5/19/2010,AAPL,7.0
95,5/20/2010,AAPL,6.0
96,5/21/2010,AAPL,6.0
97,5/24/2010,AAPL,7.0
98,5/25/2010,AAPL,7.0
99,5/26/2010,AAPL,6.0
100,5/27/2010,AAPL,7.0
101,5/28/2010,AAPL,7.0
102,6/1/2010,AAPL,7.0
103,6/2/2010,AAPL,7.0
104,6/3/2010,AAPL,7.0
105,6/4/2010,AAPL,7.0
106,6/7/2010,AAPL,7.0
107,6/8/2010,AAPL,7.0
108,6/9/2010,AAPL,6.0
109,6/10/2010,AAPL,7.0
110,6/11/2010,AAPL,7.0
111,6/14/2010,AAPL,7.0
112,6/15/2010,AAPL,7.0
113,6/16/2010,AAPL,7.0
114,6/17/2010,AAPL,7.0
115,6/18/2010,AAPL,7.0
116,6/21/2010,AAPL,7.0
117,6/22/2010,AAPL,7.0
118,6/23/2010,AAPL,7.0
119,6/24/2010,AAPL,7.0
120,6/25/2010,AAPL,7.0
121,6/28/2010,AAPL,7.0
122,6/29/2010,AAPL,7.0
123,6/30/2010,AAPL,7.0
124,7/1/2010,AAPL,7.0
125,7/2/2010,AAPL,7.0
126,7/6/2010,AAPL,7.0
127,7/7/2010,AAPL,7.0
128,7/8/2010,AAPL,7.0
129,7/9/2010,AAPL,7.0
130,7/12/2010,AAPL,7.0
131,7/13/2010,AAPL,7.0
132,7/14/2010,AAPL,7.0
133,7/15/2010,AAPL,7.0
134,7/16/2010,AAPL,7.0
135,7/19/2010,AAPL,7.0
136,7/20/2010,AAPL,7.0
137,7/21/2010,AAPL,7.0
138,7/22/2010,AAPL,7.0
139,7/23/2010,AAPL,7.0
140,7/26/2010,AAPL,7.0
141,7/27/2010,AAPL,7.0
142,7/28/2010,AAPL,7.0
143,7/29/2010,AAPL,7.0
144,7/30/2010,AAPL,7.0
145,8/2/2010,AAPL,7.0
146,8/3/2010,AAPL,7.0
147,8/4/2010,AAPL,7.0
148,8/5/2010,AAPL,7.0
149,8/6/2010,AAPL,7.0
150,8/9/2010,AAPL,7.0
151,8/10/2010,AAPL,7.0
152,8/11/2010,AAPL,7.0
153,8/12/2010,AAPL,7.0
154,8/13/2010,AAPL,7.0
155,8/16/2010,AAPL,7.0
156,8/17/2010,AAPL,7.0
157,8/18/2010,AAPL,7.0
158,8/19/2010,AAPL,7.0
159,8/20/2010,AAPL,7.0
160,8/23/2010,AAPL,7.0
161,8/24/2010,AAPL,6.0
162,8/25/2010,AAPL,6.0
163,8/26/2010,AAPL,6.0
164,8/27/2010,AAPL,6.0
165,8/30/2010,AAPL,6.0
166,8/31/2010,AAPL,6.0
167,9/1/2010,AAPL,7.0
168,9/2/2010,AAPL,7.0
169,9/3/2010,AAPL,7.0
170,9/7/2010,AAPL,7.0
171,9/8/2010,AAPL,7.0
172,9/9/2010,AAPL,7.0
173,9/10/2010,AAPL,7.0
174,9/13/2010,AAPL,7.0
175,9/14/2010,AAPL,7.0
176,9/15/2010,AAPL,7.0
177,9/16/2010,AAPL,7.0
178,9/17/2010,AAPL,7.0
179,9/20/2010,AAPL,8.0
180,9/21/2010,AAPL,8.0
181,9/22/2010,AAPL,8.0
182,9/23/2010,AAPL,8.0
183,9/24/2010,AAPL,8.0
184,9/27/2010,AAPL,8.0
185,9/28/2010,AAPL,8.0
186,9/29/2010,AAPL,8.0
187,9/30/2010,AAPL,8.0
188,10/1/2010,AAPL,8.0
189,10/4/2010,AAPL,7.0
190,10/5/2010,AAPL,8.0
191,10/6/2010,AAPL,8.0
192,10/7/2010,AAPL,8.0
193,10/8/2010,AAPL,8.0
194,10/11/2010,AAPL,8.0
195,10/12/2010,AAPL,8.0
196,10/13/2010,AAPL,8.0
197,10/14/2010,AAPL,8.0
198,10/15/2010,AAPL,8.0
199,10/18/2010,AAPL,9.0
200,10/19/2010,AAPL,8.0
201,10/20/2010,AAPL,8.0
202,10/21/2010,AAPL,8.0
203,10/22/2010,AAPL,8.0
204,10/25/2010,AAPL,8.0
205,10/26/2010,AAPL,8.0
206,10/27/2010,AAPL,8.0
207,10/28/2010,AAPL,8.0
208,10/29/2010,AAPL,8.0
209,11/1/2010,AAPL,8.0
210,11/2/2010,AAPL,8.0
211,11/3/2010,AAPL,8.0
212,11/4/2010,AAPL,9.0
213,11/5/2010,AAPL,9.0
214,11/8/2010,AAPL,9.0
215,11/9/2010,AAPL,9.0
216,11/10/2010,AAPL,9.0
217,11/11/2010,AAPL,9.0
218,11/12/2010,AAPL,8.0
219,11/15/2010,AAPL,8.0
220,11/16/2010,AAPL,8.0
221,11/17/2010,AAPL,8.0
222,11/18/2010,AAPL,8.0
223,11/19/2010,AAPL,8.0
224,11/22/2010,AAPL,8.0
225,11/23/2010,AAPL,8.0
226,11/24/2010,AAPL,8.0
227,11/26/2010,AAPL,9.0
228,11/29/2010,AAPL,9.0
229,11/30/2010,AAPL,8.0
230,12/1/2010,AAPL,9.0
231,12/2/2010,AAPL,9.0
232,12/3/2010,AAPL,9.0
233,12/6/2010,AAPL,9.0
234,12/7/2010,AAPL,9.0
235,12/8/2010,AAPL,9.0
236,12/9/2010,AAPL,9.0
237,12/10/2010,AAPL,9.0
238,12/13/2010,AAPL,9.0
239,12/14/2010,AAPL,9.0
240,12/15/2010,AAPL,9.0
241,12/16/2010,AAPL,9.0
242,12/17/2010,AAPL,9.0
243,12/20/2010,AAPL,9.0
244,12/21/2010,AAPL,9.0
245,12/22/2010,AAPL,9.0
246,12/23/2010,AAPL,9.0
247,12/27/2010,AAPL,9.0
248,12/28/2010,AAPL,9.0
249,12/29/2010,AAPL,9.0
250,12/30/2010,AAPL,9.0
251,12/31/2010,AAPL,9.0
252,1/3/2011,AAPL,9.0
253,1/4/2011,AAPL,9.0
254,1/5/2011,AAPL,9.0
255,1/6/2011,AAPL,9.0
256,1/7/2011,AAPL,9.0
257,1/10/2011,AAPL,9.0
258,1/11/2011,AAPL,9.0
259,1/12/2011,AAPL,9.0
260,1/13/2011,AAPL,9.0
261,1/14/2011,AAPL,9.0
262,1/18/2011,AAPL,9.0
263,1/19/2011,AAPL,9.0
264,1/20/2011,AAPL,9.0
265,1/21/2011,AAPL,9.0
266,1/24/2011,AAPL,9.0
267,1/25/2011,AAPL,9.0
268,1/26/2011,AAPL,9.0
269,1/27/2011,AAPL,9.0
270,1/28/2011,AAPL,9.0
271,1/31/2011,AAPL,9.0
272,2/1/2011,AAPL,9.0
273,2/2/2011,AAPL,9.0
274,2/3/2011,AAPL,9.0
275,2/4/2011,AAPL,9.0
276,2/7/2011,AAPL,10.0
277,2/8/2011,AAPL,10.0
278,2/9/2011,AAPL,10.0
279,2/10/2011,AAPL,10.0
280,2/11/2011,AAPL,10.0
281,2/14/2011,AAPL,10.0
282,2/15/2011,AAPL,10.0
283,2/16/2011,AAPL,10.0
284,2/17/2011,AAPL,10.0
285,2/18/2011,AAPL,10.0
286,2/22/2011,AAPL,9.0
287,2/23/2011,AAPL,9.0
288,2/24/2011,AAPL,9.0
289,2/25/2011,AAPL,9.0
290,2/28/2011,AAPL,10.0
291,3/1/2011,AAPL,9.0
292,3/2/2011,AAPL,10.0
293,3/3/2011,AAPL,10.0
294,3/4/2011,AAPL,10.0
295,3/7/2011,AAPL,10.0
296,3/8/2011,AAPL,10.0
297,3/9/2011,AAPL,10.0
298,3/10/2011,AAPL,9.0
299,3/11/2011,AAPL,10.0
300,3/14/2011,AAPL,10.0
301,3/15/2011,AAPL,9.0
302,3/16/2011,AAPL,9.0
303,3/17/2011,AAPL,9.0
304,3/18/2011,AAPL,9.0
305,3/21/2011,AAPL,9.0
306,3/22/2011,AAPL,9.0
307,3/23/2011,AAPL,9.0
308,3/24/2011,AAPL,9.0
309,3/25/2011,AAPL,10.0
310,3/28/2011,AAPL,10.0
311,3/29/2011,AAPL,10.0
312,3/30/2011,AAPL,9.0
313,3/31/2011,AAPL,9.0
314,4/1/2011,AAPL,9.0
315,4/4/2011,AAPL,9.0
316,4/5/2011,AAPL,9.0
317,4/6/2011,AAPL,9.0
318,4/7/2011,AAPL,9.0
319,4/8/2011,AAPL,9.0
320,4/11/2011,AAPL,9.0
321,4/12/2011,AAPL,9.0
322,4/13/2011,AAPL,9.0
323,4/14/2011,AAPL,9.0
324,4/15/2011,AAPL,9.0
325,4/18/2011,AAPL,9.0
326,4/19/2011,AAPL,9.0
327,4/20/2011,AAPL,9.0
328,4/21/2011,AAPL,10.0
329,4/25/2011,AAPL,10.0
330,4/26/2011,AAPL,10.0
331,4/27/2011,AAPL,10.0
332,4/28/2011,AAPL,9.0
333,4/29/2011,AAPL,10.0
334,5/2/2011,AAPL,9.0
335,5/3/2011,AAPL,9.0
336,5/4/2011,AAPL,9.0
337,5/5/2011,AAPL,9.0
338,5/6/2011,AAPL,9.0
339,5/9/2011,AAPL,9.0
340,5/10/2011,AAPL,9.0
341,5/11/2011,AAPL,9.0
342,5/12/2011,AAPL,9.0
343,5/13/2011,AAPL,9.0
344,5/16/2011,AAPL,9.0
345,5/17/2011,AAPL,9.0
346,5/18/2011,AAPL,9.0
347,5/19/2011,AAPL,9.0
348,5/20/2011,AAPL,9.0
349,5/23/2011,AAPL,9.0
350,5/24/2011,AAPL,9.0
351,5/25/2011,AAPL,9.0
352,5/26/2011,AAPL,9.0
353,5/27/2011,AAPL,9.0
354,5/31/2011,AAPL,9.0
355,6/1/2011,AAPL,9.0
356,6/2/2011,AAPL,9.0
357,6/3/2011,AAPL,9.0
358,6/6/2011,AAPL,9.0
359,6/7/2011,AAPL,9.0
360,6/8/2011,AAPL,9.0
361,6/9/2011,AAPL,9.0
362,6/10/2011,AAPL,9.0
363,6/13/2011,AAPL,9.0
364,6/14/2011,AAPL,9.0
365,6/15/2011,AAPL,9.0
366,6/16/2011,AAPL,9.0
367,6/17/2011,AAPL,9.0
368,6/20/2011,AAPL,9.0
369,6/21/2011,AAPL,9.0
370,6/22/2011,AAPL,9.0
371,6/23/2011,AAPL,9.0
372,6/24/2011,AAPL,9.0
373,6/27/2011,AAPL,9.0
374,6/28/2011,AAPL,9.0
375,6/29/2011,AAPL,9.0
376,6/30/2011,AAPL,9.0
377,7/1/2011,AAPL,9.0
378,7/5/2011,AAPL,9.0
379,7/6/2011,AAPL,10.0
380,7/7/2011,AAPL,10.0
381,7/8/2011,AAPL,10.0
382,7/11/2011,AAPL,10.0
383,7/12/2011,AAPL,10.0
384,7/13/2011,AAPL,10.0
385,7/14/2011,AAPL,10.0
386,7/15/2011,AAPL,10.0
387,7/18/2011,AAPL,10.0
388,7/19/2011,AAPL,10.0
389,7/20/2011,AAPL,11.0
390,7/21/2011,AAPL,11.0
391,7/22/2011,AAPL,11.0
392,7/25/2011,AAPL,11.0
393,7/26/2011,AAPL,11.0
394,7/27/2011,AAPL,11.0
395,7/28/2011,AAPL,11.0
396,7/29/2011,AAPL,11.0
397,8/1/2011,AAPL,11.0
398,8/2/2011,AAPL,11.0
399,8/3/2011,AAPL,11.0
400,8/4/2011,AAPL,10.0
401,8/5/2011,AAPL,10.0
402,8/8/2011,AAPL,10.0
403,8/9/2011,AAPL,10.0
404,8/10/2011,AAPL,10.0
405,8/11/2011,AAPL,10.0
406,8/12/2011,AAPL,10.0
407,8/15/2011,AAPL,10.0
408,8/16/2011,AAPL,10.0
409,8/17/2011,AAPL,10.0
410,8/18/2011,AAPL,10.0
411,8/19/2011,AAPL,10.0
412,8/22/2011,AAPL,10.0
413,8/23/2011,AAPL,10.0
414,8/24/2011,AAPL,10.0
415,8/25/2011,AAPL,10.0
416,8/26/2011,AAPL,10.0
417,8/29/2011,AAPL,11.0
418,8/30/2011,AAPL,11.0
419,8/31/2011,AAPL,10.0
420,9/1/2011,AAPL,10.0
421,9/2/2011,AAPL,10.0
422,9/6/2011,AAPL,10.0
423,9/7/2011,AAPL,10.0
424,9/8/2011,AAPL,10.0
425,9/9/2011,AAPL,10.0
426,9/12/2011,AAPL,10.0
427,9/13/2011,AAPL,10.0
428,9/14/2011,AAPL,11.0
429,9/15/2011,AAPL,11.0
430,9/16/2011,AAPL,11.0
431,9/19/2011,AAPL,11.0
432,9/20/2011,AAPL,11.0
433,9/21/2011,AAPL,11.0
434,9/22/2011,AAPL,11.0
435,9/23/2011,AAPL,11.0
436,9/26/2011,AAPL,11.0
437,9/27/2011,AAPL,11.0
438,9/28/2011,AAPL,11.0
439,9/29/2011,AAPL,11.0
440,9/30/2011,AAPL,10.0
441,10/3/2011,AAPL,10.0
442,10/4/2011,AAPL,10.0
443,10/5/2011,AAPL,10.0
444,10/6/2011,AAPL,10.0
445,10/7/2011,AAPL,10.0
446,10/10/2011,AAPL,11.0
447,10/11/2011,AAPL,11.0
448,10/12/2011,AAPL,11.0
449,10/13/2011,AAPL,11.0
450,10/14/2011,AAPL,12.0
451,10/17/2011,AAPL,11.0
452,10/18/2011,AAPL,12.0
453,10/19/2011,AAPL,11.0
454,10/20/2011,AAPL,11.0
455,10/21/2011,AAPL,11.0
456,10/24/2011,AAPL,11.0
457,10/25/2011,AAPL,11.0
458,10/26/2011,AAPL,11.0
459,10/27/2011,AAPL,11.0
460,10/28/2011,AAPL,11.0
461,10/31/2011,AAPL,11.0
462,11/1/2011,AAPL,11.0
463,11/2/2011,AAPL,11.0
464,11/3/2011,AAPL,11.0
465,11/4/2011,AAPL,11.0
466,11/7/2011,AAPL,11.0
467,11/8/2011,AAPL,11.0
468,11/9/2011,AAPL,11.0
469,11/10/2011,AAPL,11.0
470,11/11/2011,AAPL,10.0
471,11/14/2011,AAPL,10.0
472,11/15/2011,AAPL,11.0
473,11/16/2011,AAPL,10.0
474,11/17/2011,AAPL,10.0
475,11/18/2011,AAPL,10.0
476,11/21/2011,AAPL,10.0
477,11/22/2011,AAPL,10.0
478,11/23/2011,AAPL,10.0
479,11/25/2011,AAPL,10.0
480,11/28/2011,AAPL,10.0
481,11/29/2011,AAPL,10.0
482,11/30/2011,AAPL,10.0
483,12/1/2011,AAPL,11.0
484,12/2/2011,AAPL,11.0
485,12/5/2011,AAPL,11.0
486,12/6/2011,AAPL,11.0
487,12/7/2011,AAPL,11.0
488,12/8/2011,AAPL,11.0
489,12/9/2011,AAPL,11.0
490,12/12/2011,AAPL,11.0
491,12/13/2011,AAPL,11.0
492,12/14/2011,AAPL,10.0
493,12/15/2011,AAPL,10.0
494,12/16/2011,AAPL,10.0
495,12/19/2011,AAPL,10.0
496,12/20/2011,AAPL,11.0
497,12/21/2011,AAPL,11.0
498,12/22/2011,AAPL,11.0
499,12/23/2011,AAPL,11.0
500,12/27/2011,AAPL,11.0
501,12/28/2011,AAPL,11.0
502,12/29/2011,AAPL,11.0
503,12/30/2011,AAPL,11.0
504,1/3/2012,AAPL,11.0
505,1/4/2012,AAPL,11.0
506,1/5/2012,AAPL,11.0
507,1/6/2012,AAPL,12.0
508,1/9/2012,AAPL,12.0
509,1/10/2012,AAPL,12.0
510,1/11/2012,AAPL,12.0
511,1/12/2012,AAPL,12.0
512,1/13/2012,AAPL,11.0
513,1/17/2012,AAPL,12.0
514,1/18/2012,AAPL,12.0
515,1/19/2012,AAPL,12.0
516,1/20/2012,AAPL,12.0
517,1/23/2012,AAPL,12.0
518,1/24/2012,AAPL,12.0
519,1/25/2012,AAPL,12.0
520,1/26/2012,AAPL,12.0
521,1/27/2012,AAPL,12.0
522,1/30/2012,AAPL,12.0
523,1/31/2012,AAPL,13.0
524,2/1/2012,AAPL,13.0
525,2/2/2012,AAPL,13.0
526,2/3/2012,AAPL,13.0
527,2/6/2012,AAPL,13.0
528,2/7/2012,AAPL,13.0
529,2/8/2012,AAPL,13.0
530,2/9/2012,AAPL,14.0
531,2/10/2012,AAPL,14.0
532,2/13/2012,AAPL,14.0
533,2/14/2012,AAPL,14.0
534,2/15/2012,AAPL,14.0
535,2/16/2012,AAPL,14.0
536,2/17/2012,AAPL,14.0
537,2/21/2012,AAPL,14.0
538,2/22/2012,AAPL,14.0
539,2/23/2012,AAPL,14.0
540,2/24/2012,AAPL,14.0
541,2/27/2012,AAPL,15.0
542,2/28/2012,AAPL,15.0
543,2/29/2012,AAPL,15.0
544,3/1/2012,AAPL,15.0
545,3/2/2012,AAPL,15.0
546,3/5/2012,AAPL,15.0
547,3/6/2012,AAPL,15.0
548,3/7/2012,AAPL,15.0
549,3/8/2012,AAPL,15.0
550,3/9/2012,AAPL,15.0
551,3/12/2012,AAPL,15.0
552,3/13/2012,AAPL,16.0
553,3/14/2012,AAPL,16.0
554,3/15/2012,AAPL,16.0
555,3/16/2012,AAPL,16.0
556,3/19/2012,AAPL,17.0
557,3/20/2012,AAPL,17.0
558,3/21/2012,AAPL,17.0
559,3/22/2012,AAPL,17.0
560,3/23/2012,AAPL,17.0
561,3/26/2012,AAPL,17.0
562,3/27/2012,AAPL,17.0
563,3/28/2012,AAPL,17.0
564,3/29/2012,AAPL,17.0
565,3/30/2012,AAPL,17.0
566,4/2/2012,AAPL,17.0
567,4/3/2012,AAPL,17.0
568,4/4/2012,AAPL,17.0
569,4/5/2012,AAPL,18.0
570,4/9/2012,AAPL,18.0
571,4/10/2012,AAPL,17.0
572,4/11/2012,AAPL,17.0
573,4/12/2012,AAPL,17.0
574,4/13/2012,AAPL,17.0
575,4/16/2012,AAPL,16.0
576,4/17/2012,AAPL,17.0
577,4/18/2012,AAPL,17.0
578,4/19/2012,AAPL,16.0
579,4/20/2012,AAPL,16.0
580,4/23/2012,AAPL,16.0
581,4/24/2012,AAPL,16.0
582,4/25/2012,AAPL,17.0
583,4/26/2012,AAPL,17.0
584,4/27/2012,AAPL,17.0
585,4/30/2012,AAPL,16.0
586,5/1/2012,AAPL,16.0
587,5/2/2012,AAPL,16.0
588,5/3/2012,AAPL,16.0
589,5/4/2012,AAPL,16.0
590,5/7/2012,AAPL,16.0
591,5/8/2012,AAPL,16.0
592,5/9/2012,AAPL,16.0
593,5/10/2012,AAPL,16.0
594,5/11/2012,AAPL,16.0
595,5/14/2012,AAPL,15.0
596,5/15/2012,AAPL,15.0
597,5/16/2012,AAPL,15.0
598,5/17/2012,AAPL,15.0
599,5/18/2012,AAPL,15.0
600,5/21/2012,AAPL,16.0
601,5/22/2012,AAPL,15.0
602,5/23/2012,AAPL,16.0
603,5/24/2012,AAPL,16.0
604,5/25/2012,AAPL,16.0
605,5/29/2012,AAPL,16.0
606,5/30/2012,AAPL,16.0
607,5/31/2012,AAPL,16.0
608,6/1/2012,AAPL,16.0
609,6/4/2012,AAPL,16.0
610,6/5/2012,AAPL,16.0
611,6/6/2012,AAPL,16.0
612,6/7/2012,AAPL,16.0
613,6/8/2012,AAPL,16.0
614,6/11/2012,AAPL,16.0
615,6/12/2012,AAPL,16.0
616,6/13/2012,AAPL,16.0
617,6/14/2012,AAPL,16.0
618,6/15/2012,AAPL,16.0
619,6/18/2012,AAPL,16.0
620,6/19/2012,AAPL,16.0
621,6/20/2012,AAPL,16.0
622,6/21/2012,AAPL,16.0
623,6/22/2012,AAPL,16.0
624,6/25/2012,AAPL,16.0
625,6/26/2012,AAPL,16.0
626,6/27/2012,AAPL,16.0
627,6/28/2012,AAPL,16.0
628,6/29/2012,AAPL,16.0
629,7/2/2012,AAPL,16.0
630,7/3/2012,AAPL,17.0
631,7/5/2012,AAPL,17.0
632,7/6/2012,AAPL,17.0
633,7/9/2012,AAPL,17.0
634,7/10/2012,AAPL,17.0
635,7/11/2012,AAPL,17.0
636,7/12/2012,AAPL,17.0
637,7/13/2012,AAPL,17.0
638,7/16/2012,AAPL,17.0
639,7/17/2012,AAPL,17.0
640,7/18/2012,AAPL,17.0
641,7/19/2012,AAPL,17.0
642,7/20/2012,AAPL,17.0
643,7/23/2012,AAPL,17.0
644,7/24/2012,AAPL,17.0
645,7/25/2012,AAPL,16.0
646,7/26/2012,AAPL,16.0
647,7/27/2012,AAPL,16.0
648,7/30/2012,AAPL,17.0
649,7/31/2012,AAPL,17.0
650,8/1/2012,AAPL,17.0
651,8/2/2012,AAPL,17.0
652,8/3/2012,AAPL,17.0
653,8/6/2012,AAPL,17.0
654,8/7/2012,AAPL,17.0
655,8/8/2012,AAPL,17.0
656,8/9/2012,AAPL,17.0
657,8/10/2012,AAPL,17.0
658,8/13/2012,AAPL,18.0
659,8/14/2012,AAPL,18.0
660,8/15/2012,AAPL,18.0
661,8/16/2012,AAPL,18.0
662,8/17/2012,AAPL,18.0
663,8/20/2012,AAPL,19.0
664,8/21/2012,AAPL,18.0
665,8/22/2012,AAPL,19.0
666,8/23/2012,AAPL,18.0
667,8/24/2012,AAPL,18.0
668,8/27/2012,AAPL,19.0
669,8/28/2012,AAPL,19.0
670,8/29/2012,AAPL,19.0
671,8/30/2012,AAPL,18.0
672,8/31/2012,AAPL,19.0
673,9/4/2012,AAPL,19.0
674,9/5/2012,AAPL,19.0
675,9/6/2012,AAPL,19.0
676,9/7/2012,AAPL,19.0
677,9/10/2012,AAPL,18.0
678,9/11/2012,AAPL,18.0
679,9/12/2012,AAPL,19.0
680,9/13/2012,AAPL,19.0
681,9/14/2012,AAPL,19.0
682,9/17/2012,AAPL,19.0
683,9/18/2012,AAPL,20.0
684,9/19/2012,AAPL,20.0
685,9/20/2012,AAPL,19.0
686,9/21/2012,AAPL,20.0
687,9/24/2012,AAPL,19.0
688,9/25/2012,AAPL,19.0
689,9/26/2012,AAPL,19.0
690,9/27/2012,AAPL,19.0
691,9/28/2012,AAPL,19.0
692,10/1/2012,AAPL,18.0
693,10/2/2012,AAPL,18.0
694,10/3/2012,AAPL,19.0
695,10/4/2012,AAPL,19.0
696,10/5/2012,AAPL,18.0
697,10/8/2012,AAPL,18.0
698,10/9/2012,AAPL,18.0
699,10/10/2012,AAPL,18.0
700,10/11/2012,AAPL,17.0
701,10/12/2012,AAPL,17.0
702,10/15/2012,AAPL,18.0
703,10/16/2012,AAPL,18.0
704,10/17/2012,AAPL,18.0
705,10/18/2012,AAPL,18.0
706,10/19/2012,AAPL,17.0
707,10/22/2012,AAPL,18.0
708,10/23/2012,AAPL,17.0
709,10/24/2012,AAPL,17.0
710,10/25/2012,AAPL,17.0
711,10/26/2012,AAPL,17.0
712,10/31/2012,AAPL,17.0
713,11/1/2012,AAPL,17.0
714,11/2/2012,AAPL,16.0
715,11/5/2012,AAPL,16.0
716,11/6/2012,AAPL,16.0
717,11/7/2012,AAPL,15.0
718,11/8/2012,AAPL,15.0
719,11/9/2012,AAPL,15.0
720,11/12/2012,AAPL,15.0
721,11/13/2012,AAPL,15.0
722,11/14/2012,AAPL,15.0
723,11/15/2012,AAPL,15.0
724,11/16/2012,AAPL,15.0
725,11/19/2012,AAPL,16.0
726,11/20/2012,AAPL,16.0
727,11/21/2012,AAPL,16.0
728,11/23/2012,AAPL,16.0
729,11/26/2012,AAPL,16.0
730,11/27/2012,AAPL,16.0
731,11/28/2012,AAPL,16.0
732,11/29/2012,AAPL,16.0
733,11/30/2012,AAPL,16.0
734,12/3/2012,AAPL,16.0
735,12/4/2012,AAPL,16.0
736,12/5/2012,AAPL,15.0
737,12/6/2012,AAPL,15.0
738,12/7/2012,AAPL,15.0
739,12/10/2012,AAPL,15.0
740,12/11/2012,AAPL,15.0
741,12/12/2012,AAPL,15.0
742,12/13/2012,AAPL,15.0
743,12/14/2012,AAPL,14.0
744,12/17/2012,AAPL,14.0
745,12/18/2012,AAPL,15.0
746,12/19/2012,AAPL,15.0
747,12/20/2012,AAPL,14.0
748,12/21/2012,AAPL,14.0
749,12/24/2012,AAPL,14.0
750,12/26/2012,AAPL,14.0
751,12/27/2012,AAPL,14.0
752,12/28/2012,AAPL,14.0
753,12/31/2012,AAPL,15.0
754,1/2/2013,AAPL,15.0
755,1/3/2013,AAPL,15.0
756,1/4/2013,AAPL,15.0
757,1/7/2013,AAPL,14.0
758,1/8/2013,AAPL,15.0
759,1/9/2013,AAPL,14.0
760,1/10/2013,AAPL,14.0
761,1/11/2013,AAPL,14.0
762,1/14/2013,AAPL,14.0
763,1/15/2013,AAPL,13.0
764,1/16/2013,AAPL,14.0
765,1/17/2013,AAPL,14.0
766,1/18/2013,AAPL,14.0
767,1/22/2013,AAPL,14.0
768,1/23/2013,AAPL,14.0
769,1/24/2013,AAPL,12.0
770,1/25/2013,AAPL,12.0
771,1/28/2013,AAPL,12.0
772,1/29/2013,AAPL,13.0
773,1/30/2013,AAPL,13.0
774,1/31/2013,AAPL,13.0
775,2/1/2013,AAPL,12.0
776,2/4/2013,AAPL,12.0
777,2/5/2013,AAPL,13.0
778,2/6/2013,AAPL,13.0
779,2/7/2013,AAPL,13.0
780,2/8/2013,AAPL,13.0
781,2/11/2013,AAPL,13.0
782,2/12/2013,AAPL,13.0
783,2/13/2013,AAPL,13.0
784,2/14/2013,AAPL,13.0
785,2/15/2013,AAPL,13.0
786,2/19/2013,AAPL,13.0
787,2/20/2013,AAPL,12.0
788,2/21/2013,AAPL,12.0
789,2/22/2013,AAPL,12.0
790,2/25/2013,AAPL,12.0
791,2/26/2013,AAPL,12.0
792,2/27/2013,AAPL,12.0
793,2/28/2013,AAPL,12.0
794,3/1/2013,AAPL,12.0
795,3/4/2013,AAPL,12.0
796,3/5/2013,AAPL,12.0
797,3/6/2013,AAPL,12.0
798,3/7/2013,AAPL,12.0
799,3/8/2013,AAPL,12.0
800,3/11/2013,AAPL,12.0
801,3/12/2013,AAPL,12.0
802,3/13/2013,AAPL,12.0
803,3/14/2013,AAPL,12.0
804,3/15/2013,AAPL,12.0
805,3/18/2013,AAPL,13.0
806,3/19/2013,AAPL,12.0
807,3/20/2013,AAPL,12.0
808,3/21/2013,AAPL,12.0
809,3/22/2013,AAPL,13.0
810,3/25/2013,AAPL,13.0
811,3/26/2013,AAPL,13.0
812,3/27/2013,AAPL,12.0
813,3/28/2013,AAPL,12.0
814,4/1/2013,AAPL,12.0
815,4/2/2013,AAPL,12.0
816,4/3/2013,AAPL,12.0
817,4/4/2013,AAPL,12.0
818,4/5/2013,AAPL,12.0
819,4/8/2013,AAPL,12.0
820,4/9/2013,AAPL,12.0
821,4/10/2013,AAPL,12.0
822,4/11/2013,AAPL,12.0
823,4/12/2013,AAPL,12.0
824,4/15/2013,AAPL,11.0
825,4/16/2013,AAPL,12.0
826,4/17/2013,AAPL,11.0
827,4/18/2013,AAPL,11.0
828,4/19/2013,AAPL,11.0
829,4/22/2013,AAPL,11.0
830,4/23/2013,AAPL,11.0
831,4/24/2013,AAPL,11.0
832,4/25/2013,AAPL,11.0
833,4/26/2013,AAPL,11.0
834,4/29/2013,AAPL,12.0
835,4/30/2013,AAPL,12.0
836,5/1/2013,AAPL,12.0
837,5/2/2013,AAPL,12.0
838,5/3/2013,AAPL,12.0
839,5/6/2013,AAPL,13.0
840,5/7/2013,AAPL,13.0
841,5/8/2013,AAPL,13.0
842,5/9/2013,AAPL,13.0
843,5/10/2013,AAPL,12.0
844,5/13/2013,AAPL,12.0
845,5/14/2013,AAPL,12.0
846,5/15/2013,AAPL,12.0
847,5/16/2013,AAPL,12.0
848,5/17/2013,AAPL,12.0
849,5/20/2013,AAPL,12.0
850,5/21/2013,AAPL,12.0
851,5/22/2013,AAPL,12.0
852,5/23/2013,AAPL,12.0
853,5/24/2013,AAPL,12.0
854,5/28/2013,AAPL,12.0
855,5/29/2013,AAPL,12.0
856,5/30/2013,AAPL,12.0
857,5/31/2013,AAPL,12.0
858,6/3/2013,AAPL,12.0
859,6/4/2013,AAPL,12.0
860,6/5/2013,AAPL,12.0
861,6/6/2013,AAPL,12.0
862,6/7/2013,AAPL,12.0
863,6/10/2013,AAPL,12.0
864,6/11/2013,AAPL,12.0
865,6/12/2013,AAPL,12.0
866,6/13/2013,AAPL,12.0
867,6/14/2013,AAPL,12.0
868,6/17/2013,AAPL,12.0
869,6/18/2013,AAPL,12.0
870,6/19/2013,AAPL,12.0
871,6/20/2013,AAPL,11.0
872,6/21/2013,AAPL,11.0
873,6/24/2013,AAPL,11.0
874,6/25/2013,AAPL,11.0
875,6/26/2013,AAPL,11.0
876,6/27/2013,AAPL,11.0
877,6/28/2013,AAPL,11.0
878,7/1/2013,AAPL,11.0
879,7/2/2013,AAPL,11.0
880,7/3/2013,AAPL,12.0
881,7/5/2013,AAPL,11.0
882,7/8/2013,AAPL,11.0
883,7/9/2013,AAPL,12.0
884,7/10/2013,AAPL,12.0
885,7/11/2013,AAPL,12.0
886,7/12/2013,AAPL,12.0
887,7/15/2013,AAPL,12.0
888,7/16/2013,AAPL,12.0
889,7/17/2013,AAPL,12.0
890,7/18/2013,AAPL,12.0
891,7/19/2013,AAPL,12.0
892,7/22/2013,AAPL,12.0
893,7/23/2013,AAPL,11.0
894,7/24/2013,AAPL,12.0
895,7/25/2013,AAPL,12.0
896,7/26/2013,AAPL,12.0
897,7/29/2013,AAPL,12.0
898,7/30/2013,AAPL,12.0
899,7/31/2013,AAPL,12.0
900,8/1/2013,AAPL,13.0
901,8/2/2013,AAPL,13.0
902,8/5/2013,AAPL,13.0
903,8/6/2013,AAPL,13.0
904,8/7/2013,AAPL,13.0
905,8/8/2013,AAPL,13.0
906,8/9/2013,AAPL,12.0
907,8/12/2013,AAPL,13.0
908,8/13/2013,AAPL,13.0
909,8/14/2013,AAPL,14.0
910,8/15/2013,AAPL,14.0
911,8/16/2013,AAPL,14.0
912,8/19/2013,AAPL,14.0
913,8/20/2013,AAPL,14.0
914,8/21/2013,AAPL,14.0
915,8/22/2013,AAPL,14.0
916,8/23/2013,AAPL,14.0
917,8/26/2013,AAPL,14.0
918,8/27/2013,AAPL,13.0
919,8/28/2013,AAPL,14.0
920,8/29/2013,AAPL,14.0
921,8/30/2013,AAPL,13.0
922,9/3/2013,AAPL,13.0
923,9/4/2013,AAPL,14.0
924,9/5/2013,AAPL,14.0
925,9/6/2013,AAPL,14.0
926,9/9/2013,AAPL,14.0
927,9/10/2013,AAPL,14.0
928,9/11/2013,AAPL,13.0
929,9/12/2013,AAPL,13.0
930,9/13/2013,AAPL,13.0
931,9/16/2013,AAPL,12.0
932,9/17/2013,AAPL,13.0
933,9/18/2013,AAPL,13.0
934,9/19/2013,AAPL,13.0
935,9/20/2013,AAPL,13.0
936,9/23/2013,AAPL,14.0
937,9/24/2013,AAPL,13.0
938,9/25/2013,AAPL,13.0
939,9/26/2013,AAPL,13.0
940,9/27/2013,AAPL,13.0
941,9/30/2013,AAPL,13.0
942,10/1/2013,AAPL,13.0
943,10/2/2013,AAPL,13.0
944,10/3/2013,AAPL,13.0
945,10/4/2013,AAPL,13.0
946,10/7/2013,AAPL,13.0
947,10/8/2013,AAPL,13.0
948,10/9/2013,AAPL,13.0
949,10/10/2013,AAPL,13.0
950,10/11/2013,AAPL,14.0
951,10/14/2013,AAPL,14.0
952,10/15/2013,AAPL,14.0
953,10/16/2013,AAPL,14.0
954,10/17/2013,AAPL,14.0
955,10/18/2013,AAPL,14.0
956,10/21/2013,AAPL,14.0
957,10/22/2013,AAPL,14.0
958,10/23/2013,AAPL,14.0
959,10/24/2013,AAPL,15.0
960,10/25/2013,AAPL,15.0
961,10/28/2013,AAPL,15.0
962,10/29/2013,AAPL,14.0
963,10/30/2013,AAPL,14.0
964,10/31/2013,AAPL,14.0
965,11/1/2013,AAPL,14.0
966,11/4/2013,AAPL,15.0
967,11/5/2013,AAPL,15.0
968,11/6/2013,AAPL,14.0
969,11/7/2013,AAPL,14.0
970,11/8/2013,AAPL,14.0
971,11/11/2013,AAPL,14.0
972,11/12/2013,AAPL,14.0
973,11/13/2013,AAPL,14.0
974,11/14/2013,AAPL,15.0
975,11/15/2013,AAPL,14.0
976,11/18/2013,AAPL,14.0
977,11/19/2013,AAPL,14.0
978,11/20/2013,AAPL,14.0
979,11/21/2013,AAPL,14.0
980,11/22/2013,AAPL,14.0
981,11/25/2013,AAPL,14.0
982,11/26/2013,AAPL,15.0
983,11/27/2013,AAPL,15.0
984,11/29/2013,AAPL,15.0
985,12/2/2013,AAPL,15.0
986,12/3/2013,AAPL,16.0
987,12/4/2013,AAPL,16.0
988,12/5/2013,AAPL,16.0
989,12/6/2013,AAPL,16.0
990,12/9/2013,AAPL,16.0
991,12/10/2013,AAPL,16.0
992,12/11/2013,AAPL,16.0
993,12/12/2013,AAPL,16.0
994,12/13/2013,AAPL,15.0
995,12/16/2013,AAPL,15.0
996,12/17/2013,AAPL,15.0
997,12/18/2013,AAPL,15.0
998,12/19/2013,AAPL,15.0
999,12/20/2013,AAPL,15.0
1000,12/23/2013,AAPL,16.0
1001,12/24/2013,AAPL,16.0
1002,12/26/2013,AAPL,16.0
1003,12/27/2013,AAPL,16.0
1004,12/30/2013,AAPL,15.0
1005,12/31/2013,AAPL,16.0
1006,1/2/2014,AAPL,15.0
1007,1/3/2014,AAPL,15.0
1008,1/6/2014,AAPL,15.0
1009,1/7/2014,AAPL,15.0
1010,1/8/2014,AAPL,15.0
1011,1/9/2014,AAPL,15.0
1012,1/10/2014,AAPL,15.0
1013,1/13/2014,AAPL,15.0
1014,1/14/2014,AAPL,15.0
1015,1/15/2014,AAPL,15.0
1016,1/16/2014,AAPL,15.0
1017,1/17/2014,AAPL,15.0
1018,1/21/2014,AAPL,15.0
1019,1/22/2014,AAPL,15.0
1020,1/23/2014,AAPL,15.0
1021,1/24/2014,AAPL,15.0
1022,1/27/2014,AAPL,15.0
1023,1/28/2014,AAPL,14.0
1024,1/29/2014,AAPL,14.0
1025,1/30/2014,AAPL,14.0
1026,1/31/2014,AAPL,14.0
1027,2/3/2014,AAPL,14.0
1028,2/4/2014,AAPL,14.0
1029,2/5/2014,AAPL,14.0
1030,2/6/2014,AAPL,14.0
1031,2/7/2014,AAPL,14.0
1032,2/10/2014,AAPL,15.0
1033,2/11/2014,AAPL,15.0
1034,2/12/2014,AAPL,15.0
1035,2/13/2014,AAPL,15.0
1036,2/14/2014,AAPL,15.0
1037,2/18/2014,AAPL,15.0
1038,2/19/2014,AAPL,15.0
1039,2/20/2014,AAPL,15.0
1040,2/21/2014,AAPL,15.0
1041,2/24/2014,AAPL,15.0
1042,2/25/2014,AAPL,14.0
1043,2/26/2014,AAPL,14.0
1044,2/27/2014,AAPL,15.0
1045,2/28/2014,AAPL,15.0
1046,3/3/2014,AAPL,15.0
1047,3/4/2014,AAPL,15.0
1048,3/5/2014,AAPL,15.0
1049,3/6/2014,AAPL,15.0
1050,3/7/2014,AAPL,15.0
1051,3/10/2014,AAPL,15.0
1052,3/11/2014,AAPL,15.0
1053,3/12/2014,AAPL,15.0
1054,3/13/2014,AAPL,15.0
1055,3/14/2014,AAPL,14.0
1056,3/17/2014,AAPL,15.0
1057,3/18/2014,AAPL,15.0
1058,3/19/2014,AAPL,15.0
1059,3/20/2014,AAPL,15.0
1060,3/21/2014,AAPL,15.0
1061,3/24/2014,AAPL,15.0
1062,3/25/2014,AAPL,15.0
1063,3/26/2014,AAPL,15.0
1064,3/27/2014,AAPL,15.0
1065,3/28/2014,AAPL,15.0
1066,3/31/2014,AAPL,15.0
1067,4/1/2014,AAPL,15.0
1068,4/2/2014,AAPL,15.0
1069,4/3/2014,AAPL,15.0
1070,4/4/2014,AAPL,15.0
1071,4/7/2014,AAPL,14.0
1072,4/8/2014,AAPL,14.0
1073,4/9/2014,AAPL,15.0
1074,4/10/2014,AAPL,14.0
1075,4/11/2014,AAPL,14.0
1076,4/14/2014,AAPL,14.0
1077,4/15/2014,AAPL,14.0
1078,4/16/2014,AAPL,14.0
1079,4/17/2014,AAPL,14.0
1080,4/21/2014,AAPL,15.0
1081,4/22/2014,AAPL,15.0
1082,4/23/2014,AAPL,14.0
1083,4/24/2014,AAPL,16.0
1084,4/25/2014,AAPL,16.0
1085,4/28/2014,AAPL,16.0
1086,4/29/2014,AAPL,16.0
1087,4/30/2014,AAPL,16.0
1088,5/1/2014,AAPL,16.0
1089,5/2/2014,AAPL,16.0
1090,5/5/2014,AAPL,17.0
1091,5/6/2014,AAPL,16.0
1092,5/7/2014,AAPL,16.0
1093,5/8/2014,AAPL,16.0
1094,5/9/2014,AAPL,16.0
1095,5/12/2014,AAPL,16.0
1096,5/13/2014,AAPL,16.0
1097,5/14/2014,AAPL,16.0
1098,5/15/2014,AAPL,16.0
1099,5/16/2014,AAPL,17.0
1100,5/19/2014,AAPL,17.0
1101,5/20/2014,AAPL,17.0
1102,5/21/2014,AAPL,17.0
1103,5/22/2014,AAPL,17.0
1104,5/23/2014,AAPL,17.0
1105,5/27/2014,AAPL,17.0
1106,5/28/2014,AAPL,17.0
1107,5/29/2014,AAPL,18.0
1108,5/30/2014,AAPL,18.0
1109,6/2/2014,AAPL,17.0
1110,6/3/2014,AAPL,18.0
1111,6/4/2014,AAPL,18.0
1112,6/5/2014,AAPL,18.0
1113,6/6/2014,AAPL,18.0
1114,6/9/2014,AAPL,18.0
1115,6/10/2014,AAPL,18.0
1116,6/11/2014,AAPL,18.0
1117,6/12/2014,AAPL,18.0
1118,6/13/2014,AAPL,18.0
1119,6/16/2014,AAPL,18.0
1120,6/17/2014,AAPL,18.0
1121,6/18/2014,AAPL,18.0
1122,6/19/2014,AAPL,18.0
1123,6/20/2014,AAPL,18.0
1124,6/23/2014,AAPL,18.0
1125,6/24/2014,AAPL,18.0
1126,6/25/2014,AAPL,18.0
1127,6/26/2014,AAPL,18.0
1128,6/27/2014,AAPL,18.0
1129,6/30/2014,AAPL,18.0
1130,7/1/2014,AAPL,18.0
1131,7/2/2014,AAPL,18.0
1132,7/3/2014,AAPL,18.0
1133,7/7/2014,AAPL,19.0
1134,7/8/2014,AAPL,19.0
1135,7/9/2014,AAPL,19.0
1136,7/10/2014,AAPL,19.0
1137,7/11/2014,AAPL,19.0
1138,7/14/2014,AAPL,19.0
1139,7/15/2014,AAPL,19.0
1140,7/16/2014,AAPL,18.0
1141,7/17/2014,AAPL,18.0
1142,7/18/2014,AAPL,18.0
1143,7/21/2014,AAPL,18.0
1144,7/22/2014,AAPL,18.0
1145,7/23/2014,AAPL,19.0
1146,7/24/2014,AAPL,19.0
1147,7/25/2014,AAPL,19.0
1148,7/28/2014,AAPL,19.0
1149,7/29/2014,AAPL,19.0
1150,7/30/2014,AAPL,19.0
1151,7/31/2014,AAPL,19.0
1152,8/1/2014,AAPL,19.0
1153,8/4/2014,AAPL,19.0
1154,8/5/2014,AAPL,19.0
1155,8/6/2014,AAPL,18.0
1156,8/7/2014,AAPL,18.0
1157,8/8/2014,AAPL,18.0
1158,8/11/2014,AAPL,19.0
1159,8/12/2014,AAPL,19.0
1160,8/13/2014,AAPL,19.0
1161,8/14/2014,AAPL,19.0
1162,8/15/2014,AAPL,19.0
1163,8/18/2014,AAPL,19.0
1164,8/19/2014,AAPL,20.0
1165,8/20/2014,AAPL,20.0
1166,8/21/2014,AAPL,20.0
1167,8/22/2014,AAPL,20.0
1168,8/25/2014,AAPL,20.0
1169,8/26/2014,AAPL,20.0
1170,8/27/2014,AAPL,20.0
1171,8/28/2014,AAPL,20.0
1172,8/29/2014,AAPL,20.0
1173,9/2/2014,AAPL,20.0
1174,9/3/2014,AAPL,19.0
1175,9/4/2014,AAPL,19.0
1176,9/5/2014,AAPL,19.0
1177,9/8/2014,AAPL,19.0
1178,9/9/2014,AAPL,19.0
1179,9/10/2014,AAPL,20.0
1180,9/11/2014,AAPL,20.0
1181,9/12/2014,AAPL,20.0
1182,9/15/2014,AAPL,20.0
1183,9/16/2014,AAPL,20.0
1184,9/17/2014,AAPL,20.0
1185,9/18/2014,AAPL,20.0
1186,9/19/2014,AAPL,20.0
1187,9/22/2014,AAPL,20.0
1188,9/23/2014,AAPL,20.0
1189,9/24/2014,AAPL,20.0
1190,9/25/2014,AAPL,19.0
1191,9/26/2014,AAPL,20.0
1192,9/29/2014,AAPL,20.0
1193,9/30/2014,AAPL,20.0
1194,10/1/2014,AAPL,19.0
1195,10/2/2014,AAPL,19.0
1196,10/3/2014,AAPL,19.0
1197,10/6/2014,AAPL,19.0
1198,10/7/2014,AAPL,19.0
1199,10/8/2014,AAPL,20.0
1200,10/9/2014,AAPL,20.0
1201,10/10/2014,AAPL,20.0
1202,10/13/2014,AAPL,19.0
1203,10/14/2014,AAPL,19.0
1204,10/15/2014,AAPL,19.0
1205,10/16/2014,AAPL,19.0
1206,10/17/2014,AAPL,19.0
1207,10/20/2014,AAPL,19.0
1208,10/21/2014,AAPL,20.0
1209,10/22/2014,AAPL,20.0
1210,10/23/2014,AAPL,20.0
1211,10/24/2014,AAPL,21.0
1212,10/27/2014,AAPL,21.0
1213,10/28/2014,AAPL,21.0
1214,10/29/2014,AAPL,21.0
1215,10/30/2014,AAPL,21.0
1216,10/31/2014,AAPL,21.0
1217,11/3/2014,AAPL,21.0
1218,11/4/2014,AAPL,21.0
1219,11/5/2014,AAPL,21.0
1220,11/6/2014,AAPL,21.0
1221,11/7/2014,AAPL,21.0
1222,11/10/2014,AAPL,21.0
1223,11/11/2014,AAPL,21.0
1224,11/12/2014,AAPL,22.0
1225,11/13/2014,AAPL,22.0
1226,11/14/2014,AAPL,22.0
1227,11/17/2014,AAPL,22.0
1228,11/18/2014,AAPL,23.0
1229,11/19/2014,AAPL,22.0
1230,11/20/2014,AAPL,23.0
1231,11/21/2014,AAPL,23.0
1232,11/24/2014,AAPL,23.0
1233,11/25/2014,AAPL,23.0
1234,11/26/2014,AAPL,23.0
1235,11/28/2014,AAPL,23.0
1236,12/1/2014,AAPL,23.0
1237,12/2/2014,AAPL,22.0
1238,12/3/2014,AAPL,23.0
1239,12/4/2014,AAPL,23.0
1240,12/5/2014,AAPL,23.0
1241,12/8/2014,AAPL,22.0
1242,12/9/2014,AAPL,22.0
1243,12/10/2014,AAPL,22.0
1244,12/11/2014,AAPL,22.0
1245,12/12/2014,AAPL,21.0
1246,12/15/2014,AAPL,21.0
1247,12/16/2014,AAPL,21.0
1248,12/17/2014,AAPL,21.0
1249,12/18/2014,AAPL,22.0
1250,12/19/2014,AAPL,22.0
1251,12/22/2014,AAPL,22.0
1252,12/23/2014,AAPL,22.0
1253,12/24/2014,AAPL,22.0
1254,12/26/2014,AAPL,22.0
1255,12/29/2014,AAPL,22.0
1256,12/30/2014,AAPL,22.0
1257,12/31/2014,AAPL,22.0
1258,1/2/2015,AAPL,21.0
1259,1/5/2015,AAPL,21.0
1260,1/6/2015,AAPL,21.0
1261,1/7/2015,AAPL,21.0
1262,1/8/2015,AAPL,22.0
1263,1/9/2015,AAPL,22.0
1264,1/12/2015,AAPL,21.0
1265,1/13/2015,AAPL,22.0
1266,1/14/2015,AAPL,21.0
1267,1/15/2015,AAPL,21.0
1268,1/16/2015,AAPL,21.0
1269,1/20/2015,AAPL,21.0
1270,1/21/2015,AAPL,21.0
1271,1/22/2015,AAPL,22.0
1272,1/23/2015,AAPL,22.0
1273,1/26/2015,AAPL,22.0
1274,1/27/2015,AAPL,21.0
1275,1/28/2015,AAPL,23.0
1276,1/29/2015,AAPL,23.0
1277,1/30/2015,AAPL,23.0
1278,2/2/2015,AAPL,23.0
1279,2/3/2015,AAPL,23.0
1280,2/4/2015,AAPL,23.0
1281,2/5/2015,AAPL,23.0
1282,2/6/2015,AAPL,23.0
1283,2/9/2015,AAPL,23.0
1284,2/10/2015,AAPL,24.0
1285,2/11/2015,AAPL,24.0
1286,2/12/2015,AAPL,25.0
1287,2/13/2015,AAPL,25.0
1288,2/17/2015,AAPL,25.0
1289,2/18/2015,AAPL,25.0
1290,2/19/2015,AAPL,25.0
1291,2/20/2015,AAPL,25.0
1292,2/23/2015,AAPL,26.0
1293,2/24/2015,AAPL,26.0
1294,2/25/2015,AAPL,25.0
1295,2/26/2015,AAPL,26.0
1296,2/27/2015,AAPL,25.0
1297,3/2/2015,AAPL,25.0
1298,3/3/2015,AAPL,25.0
1299,3/4/2015,AAPL,25.0
1300,3/5/2015,AAPL,25.0
1301,3/6/2015,AAPL,25.0
1302,3/9/2015,AAPL,25.0
1303,3/10/2015,AAPL,24.0
1304,3/11/2015,AAPL,24.0
1305,3/12/2015,AAPL,24.0
1306,3/13/2015,AAPL,24.0
1307,3/16/2015,AAPL,24.0
1308,3/17/2015,AAPL,25.0
1309,3/18/2015,AAPL,25.0
1310,3/19/2015,AAPL,25.0
1311,3/20/2015,AAPL,25.0
1312,3/23/2015,AAPL,25.0
1313,3/24/2015,AAPL,25.0
1314,3/25/2015,AAPL,24.0
1315,3/26/2015,AAPL,24.0
1316,3/27/2015,AAPL,24.0
1317,3/30/2015,AAPL,25.0
1318,3/31/2015,AAPL,24.0
1319,4/1/2015,AAPL,24.0
1320,4/2/2015,AAPL,25.0
1321,4/6/2015,AAPL,25.0
1322,4/7/2015,AAPL,25.0
1323,4/8/2015,AAPL,25.0
1324,4/9/2015,AAPL,25.0
1325,4/10/2015,AAPL,25.0
1326,4/13/2015,AAPL,25.0
1327,4/14/2015,AAPL,25.0
1328,4/15/2015,AAPL,25.0
1329,4/16/2015,AAPL,25.0
1330,4/17/2015,AAPL,24.0
1331,4/20/2015,AAPL,25.0
1332,4/21/2015,AAPL,25.0
1333,4/22/2015,AAPL,25.0
1334,4/23/2015,AAPL,25.0
1335,4/24/2015,AAPL,26.0
1336,4/27/2015,AAPL,26.0
1337,4/28/2015,AAPL,26.0
1338,4/29/2015,AAPL,25.0
1339,4/30/2015,AAPL,25.0
1340,5/1/2015,AAPL,25.0
1341,5/4/2015,AAPL,25.0
1342,5/5/2015,AAPL,25.0
1343,5/6/2015,AAPL,25.0
1344,5/7/2015,AAPL,25.0
1345,5/8/2015,AAPL,25.0
1346,5/11/2015,AAPL,25.0
1347,5/12/2015,AAPL,25.0
1348,5/13/2015,AAPL,25.0
1349,5/14/2015,AAPL,25.0
1350,5/15/2015,AAPL,25.0
1351,5/18/2015,AAPL,26.0
1352,5/19/2015,AAPL,26.0
1353,5/20/2015,AAPL,26.0
1354,5/21/2015,AAPL,26.0
1355,5/22/2015,AAPL,26.0
1356,5/26/2015,AAPL,25.0
1357,5/27/2015,AAPL,26.0
1358,5/28/2015,AAPL,26.0
1359,5/29/2015,AAPL,26.0
1360,6/1/2015,AAPL,26.0
1361,6/2/2015,AAPL,25.0
1362,6/3/2015,AAPL,26.0
1363,6/4/2015,AAPL,25.0
1364,6/5/2015,AAPL,25.0
1365,6/8/2015,AAPL,25.0
1366,6/9/2015,AAPL,25.0
1367,6/10/2015,AAPL,25.0
1368,6/11/2015,AAPL,25.0
1369,6/12/2015,AAPL,25.0
1370,6/15/2015,AAPL,25.0
1371,6/16/2015,AAPL,25.0
1372,6/17/2015,AAPL,25.0
1373,6/18/2015,AAPL,25.0
1374,6/19/2015,AAPL,25.0
1375,6/22/2015,AAPL,25.0
1376,6/23/2015,AAPL,25.0
1377,6/24/2015,AAPL,25.0
1378,6/25/2015,AAPL,25.0
1379,6/26/2015,AAPL,25.0
1380,6/29/2015,AAPL,24.0
1381,6/30/2015,AAPL,25.0
1382,7/1/2015,AAPL,25.0
1383,7/2/2015,AAPL,25.0
1384,7/6/2015,AAPL,25.0
1385,7/7/2015,AAPL,25.0
1386,7/8/2015,AAPL,24.0
1387,7/9/2015,AAPL,24.0
1388,7/10/2015,AAPL,24.0
1389,7/13/2015,AAPL,25.0
1390,7/14/2015,AAPL,25.0
1391,7/15/2015,AAPL,25.0
1392,7/16/2015,AAPL,25.0
1393,7/17/2015,AAPL,25.0
1394,7/20/2015,AAPL,26.0
1395,7/21/2015,AAPL,26.0
1396,7/22/2015,AAPL,25.0
1397,7/23/2015,AAPL,25.0
1398,7/24/2015,AAPL,24.0
1399,7/27/2015,AAPL,24.0
1400,7/28/2015,AAPL,24.0
1401,7/29/2015,AAPL,24.0
1402,7/30/2015,AAPL,24.0
1403,7/31/2015,AAPL,24.0
1404,8/3/2015,AAPL,23.0
1405,8/4/2015,AAPL,22.0
1406,8/5/2015,AAPL,23.0
1407,8/6/2015,AAPL,23.0
1408,8/7/2015,AAPL,23.0
1409,8/10/2015,AAPL,23.0
1410,8/11/2015,AAPL,22.0
1411,8/12/2015,AAPL,23.0
1412,8/13/2015,AAPL,23.0
1413,8/14/2015,AAPL,23.0
1414,8/17/2015,AAPL,23.0
1415,8/18/2015,AAPL,23.0
1416,8/19/2015,AAPL,23.0
1417,8/20/2015,AAPL,22.0
1418,8/21/2015,AAPL,21.0
1419,8/24/2015,AAPL,20.0
1420,8/25/2015,AAPL,20.0
1421,8/26/2015,AAPL,21.0
1422,8/27/2015,AAPL,22.0
1423,8/28/2015,AAPL,22.0
1424,8/31/2015,AAPL,22.0
1425,9/1/2015,AAPL,21.0
1426,9/2/2015,AAPL,22.0
1427,9/3/2015,AAPL,22.0
1428,9/4/2015,AAPL,21.0
1429,9/8/2015,AAPL,22.0
1430,9/9/2015,AAPL,22.0
1431,9/10/2015,AAPL,22.0
1432,9/11/2015,AAPL,22.0
1433,9/14/2015,AAPL,23.0
1434,9/15/2015,AAPL,23.0
1435,9/16/2015,AAPL,23.0
1436,9/17/2015,AAPL,22.0
1437,9/18/2015,AAPL,22.0
1438,9/21/2015,AAPL,23.0
1439,9/22/2015,AAPL,22.0
1440,9/23/2015,AAPL,22.0
1441,9/24/2015,AAPL,23.0
1442,9/25/2015,AAPL,22.0
1443,9/28/2015,AAPL,22.0
1444,9/29/2015,AAPL,21.0
1445,9/30/2015,AAPL,22.0
1446,10/1/2015,AAPL,21.0
1447,10/2/2015,AAPL,22.0
1448,10/5/2015,AAPL,22.0
1449,10/6/2015,AAPL,22.0
1450,10/7/2015,AAPL,22.0
1451,10/8/2015,AAPL,21.0
1452,10/9/2015,AAPL,22.0
1453,10/12/2015,AAPL,22.0
1454,10/13/2015,AAPL,22.0
1455,10/14/2015,AAPL,22.0
1456,10/15/2015,AAPL,22.0
1457,10/16/2015,AAPL,22.0
1458,10/19/2015,AAPL,22.0
1459,10/20/2015,AAPL,22.0
1460,10/21/2015,AAPL,22.0
1461,10/22/2015,AAPL,23.0
1462,10/23/2015,AAPL,23.0
1463,10/26/2015,AAPL,23.0
1464,10/27/2015,AAPL,22.0
1465,10/28/2015,AAPL,23.0
1466,10/29/2015,AAPL,24.0
1467,10/30/2015,AAPL,23.0
1468,11/2/2015,AAPL,24.0
1469,11/3/2015,AAPL,24.0
1470,11/4/2015,AAPL,24.0
1471,11/5/2015,AAPL,24.0
1472,11/6/2015,AAPL,24.0
1473,11/9/2015,AAPL,24.0
1474,11/10/2015,AAPL,23.0
1475,11/11/2015,AAPL,23.0
1476,11/12/2015,AAPL,23.0
1477,11/13/2015,AAPL,22.0
1478,11/16/2015,AAPL,22.0
1479,11/17/2015,AAPL,22.0
1480,11/18/2015,AAPL,23.0
1481,11/19/2015,AAPL,23.0
1482,11/20/2015,AAPL,23.0
1483,11/23/2015,AAPL,23.0
1484,11/24/2015,AAPL,23.0
1485,11/25/2015,AAPL,23.0
1486,11/27/2015,AAPL,23.0
1487,11/30/2015,AAPL,23.0
1488,12/1/2015,AAPL,23.0
1489,12/2/2015,AAPL,23.0
1490,12/3/2015,AAPL,23.0
1491,12/4/2015,AAPL,23.0
1492,12/7/2015,AAPL,23.0
1493,12/8/2015,AAPL,23.0
1494,12/9/2015,AAPL,23.0
1495,12/10/2015,AAPL,23.0
1496,12/11/2015,AAPL,22.0
1497,12/14/2015,AAPL,22.0
1498,12/15/2015,AAPL,22.0
1499,12/16/2015,AAPL,22.0
1500,12/17/2015,AAPL,21.0
1501,12/18/2015,AAPL,21.0
1502,12/21/2015,AAPL,21.0
1503,12/22/2015,AAPL,21.0
1504,12/23/2015,AAPL,21.0
1505,12/24/2015,AAPL,21.0
1506,12/28/2015,AAPL,21.0
1507,12/29/2015,AAPL,21.0
1508,12/30/2015,AAPL,21.0
1509,12/31/2015,AAPL,21.0
1510,1/4/2016,AAPL,21.0
1511,1/5/2016,AAPL,20.0
1512,1/6/2016,AAPL,20.0
1513,1/7/2016,AAPL,19.0
1514,1/8/2016,AAPL,19.0
1515,1/11/2016,AAPL,19.0
1516,1/12/2016,AAPL,19.0
1517,1/13/2016,AAPL,19.0
1518,1/14/2016,AAPL,19.0
1519,1/15/2016,AAPL,19.0
1520,1/19/2016,AAPL,19.0
1521,1/20/2016,AAPL,19.0
1522,1/21/2016,AAPL,19.0
1523,1/22/2016,AAPL,20.0
1524,1/25/2016,AAPL,19.0
1525,1/26/2016,AAPL,19.0
1526,1/27/2016,AAPL,18.0
1527,1/28/2016,AAPL,18.0
1528,1/29/2016,AAPL,19.0
1529,2/1/2016,AAPL,19.0
1530,2/2/2016,AAPL,18.0
1531,2/3/2016,AAPL,19.0
1532,2/4/2016,AAPL,19.0
1533,2/5/2016,AAPL,18.0
1534,2/8/2016,AAPL,19.0
1535,2/9/2016,AAPL,18.0
1536,2/10/2016,AAPL,18.0
1537,2/11/2016,AAPL,18.0
1538,2/12/2016,AAPL,18.0
1539,2/16/2016,AAPL,19.0
1540,2/17/2016,AAPL,19.0
1541,2/18/2016,AAPL,19.0
1542,2/19/2016,AAPL,19.0
1543,2/22/2016,AAPL,19.0
1544,2/23/2016,AAPL,18.0
1545,2/24/2016,AAPL,19.0
1546,2/25/2016,AAPL,19.0
1547,2/26/2016,AAPL,19.0
1548,2/29/2016,AAPL,19.0
1549,3/1/2016,AAPL,20.0
1550,3/2/2016,AAPL,20.0
1551,3/3/2016,AAPL,20.0
1552,3/4/2016,AAPL,20.0
1553,3/7/2016,AAPL,20.0
1554,3/8/2016,AAPL,20.0
1555,3/9/2016,AAPL,20.0
1556,3/10/2016,AAPL,20.0
1557,3/11/2016,AAPL,20.0
1558,3/14/2016,AAPL,20.0
1559,3/15/2016,AAPL,20.0
1560,3/16/2016,AAPL,21.0
1561,3/17/2016,AAPL,21.0
1562,3/18/2016,AAPL,21.0
1563,3/21/2016,AAPL,21.0
1564,3/22/2016,AAPL,21.0
1565,3/23/2016,AAPL,21.0
1566,3/24/2016,AAPL,21.0
1567,3/28/2016,AAPL,21.0
1568,3/29/2016,AAPL,21.0
1569,3/30/2016,AAPL,21.0
1570,3/31/2016,AAPL,21.0
1571,4/1/2016,AAPL,21.0
1572,4/4/2016,AAPL,22.0
1573,4/5/2016,AAPL,21.0
1574,4/6/2016,AAPL,22.0
1575,4/7/2016,AAPL,21.0
1576,4/8/2016,AAPL,21.0
1577,4/11/2016,AAPL,21.0
1578,4/12/2016,AAPL,22.0
1579,4/13/2016,AAPL,22.0
1580,4/14/2016,AAPL,22.0
1581,4/15/2016,AAPL,21.0
1582,4/18/2016,AAPL,21.0
1583,4/19/2016,AAPL,21.0
1584,4/20/2016,AAPL,21.0
1585,4/21/2016,AAPL,21.0
1586,4/22/2016,AAPL,21.0
1587,4/25/2016,AAPL,21.0
1588,4/26/2016,AAPL,20.0
1589,4/27/2016,AAPL,19.0
1590,4/28/2016,AAPL,18.0
1591,4/29/2016,AAPL,18.0
1592,5/2/2016,AAPL,18.0
1593,5/3/2016,AAPL,19.0
1594,5/4/2016,AAPL,18.0
1595,5/5/2016,AAPL,18.0
1596,5/6/2016,AAPL,18.0
1597,5/9/2016,AAPL,18.0
1598,5/10/2016,AAPL,18.0
1599,5/11/2016,AAPL,18.0
1600,5/12/2016,AAPL,18.0
1601,5/13/2016,AAPL,18.0
1602,5/16/2016,AAPL,18.0
1603,5/17/2016,AAPL,18.0
1604,5/18/2016,AAPL,18.0
1605,5/19/2016,AAPL,18.0
1606,5/20/2016,AAPL,19.0
1607,5/23/2016,AAPL,19.0
1608,5/24/2016,AAPL,19.0
1609,5/25/2016,AAPL,19.0
1610,5/26/2016,AAPL,20.0
1611,5/27/2016,AAPL,20.0
1612,5/31/2016,AAPL,19.0
1613,6/1/2016,AAPL,19.0
1614,6/2/2016,AAPL,19.0
1615,6/3/2016,AAPL,19.0
1616,6/6/2016,AAPL,19.0
1617,6/7/2016,AAPL,19.0
1618,6/8/2016,AAPL,19.0
1619,6/9/2016,AAPL,19.0
1620,6/10/2016,AAPL,19.0
1621,6/13/2016,AAPL,19.0
1622,6/14/2016,AAPL,19.0
1623,6/15/2016,AAPL,19.0
1624,6/16/2016,AAPL,19.0
1625,6/17/2016,AAPL,19.0
1626,6/20/2016,AAPL,19.0
1627,6/21/2016,AAPL,19.0
1628,6/22/2016,AAPL,19.0
1629,6/23/2016,AAPL,19.0
1630,6/24/2016,AAPL,18.0
1631,6/27/2016,AAPL,18.0
1632,6/28/2016,AAPL,18.0
1633,6/29/2016,AAPL,18.0
1634,6/30/2016,AAPL,19.0
1635,7/1/2016,AAPL,19.0
1636,7/5/2016,AAPL,18.0
1637,7/6/2016,AAPL,19.0
1638,7/7/2016,AAPL,19.0
1639,7/8/2016,AAPL,19.0
1640,7/11/2016,AAPL,19.0
1641,7/12/2016,AAPL,19.0
1642,7/13/2016,AAPL,19.0
1643,7/14/2016,AAPL,19.0
1644,7/15/2016,AAPL,19.0
1645,7/18/2016,AAPL,19.0
1646,7/19/2016,AAPL,19.0
1647,7/20/2016,AAPL,19.0
1648,7/21/2016,AAPL,19.0
1649,7/22/2016,AAPL,19.0
1650,7/25/2016,AAPL,19.0
1651,7/26/2016,AAPL,19.0
1652,7/27/2016,AAPL,20.0
1653,7/28/2016,AAPL,20.0
1654,7/29/2016,AAPL,20.0
1655,8/1/2016,AAPL,21.0
1656,8/2/2016,AAPL,20.0
1657,8/3/2016,AAPL,21.0
1658,8/4/2016,AAPL,21.0
1659,8/5/2016,AAPL,21.0
1660,8/8/2016,AAPL,21.0
1661,8/9/2016,AAPL,21.0
1662,8/10/2016,AAPL,21.0
1663,8/11/2016,AAPL,21.0
1664,8/12/2016,AAPL,21.0
1665,8/15/2016,AAPL,21.0
1666,8/16/2016,AAPL,21.0
1667,8/17/2016,AAPL,21.0
1668,8/18/2016,AAPL,21.0
1669,8/19/2016,AAPL,21.0
1670,8/22/2016,AAPL,21.0
1671,8/23/2016,AAPL,21.0
1672,8/24/2016,AAPL,21.0
1673,8/25/2016,AAPL,21.0
1674,8/26/2016,AAPL,21.0
1675,8/29/2016,AAPL,21.0
1676,8/30/2016,AAPL,21.0
1677,8/31/2016,AAPL,21.0
1678,9/1/2016,AAPL,21.0
1679,9/2/2016,AAPL,21.0
1680,9/6/2016,AAPL,21.0
1681,9/7/2016,AAPL,21.0
1682,9/8/2016,AAPL,21.0
1683,9/9/2016,AAPL,20.0
1684,9/12/2016,AAPL,21.0
1685,9/13/2016,AAPL,21.0
1686,9/14/2016,AAPL,22.0
1687,9/15/2016,AAPL,23.0
1688,9/16/2016,AAPL,22.0
1689,9/19/2016,AAPL,22.0
1690,9/20/2016,AAPL,22.0
1691,9/21/2016,AAPL,22.0
1692,9/22/2016,AAPL,22.0
1693,9/23/2016,AAPL,22.0
1694,9/26/2016,AAPL,22.0
1695,9/27/2016,AAPL,22.0
1696,9/28/2016,AAPL,22.0
1697,9/29/2016,AAPL,22.0
1698,9/30/2016,AAPL,22.0
1699,10/3/2016,AAPL,22.0
1700,10/4/2016,AAPL,22.0
1701,10/5/2016,AAPL,22.0
1702,10/6/2016,AAPL,22.0
1703,10/7/2016,AAPL,22.0
1704,10/10/2016,AAPL,23.0
1705,10/11/2016,AAPL,23.0
1706,10/12/2016,AAPL,23.0
1707,10/13/2016,AAPL,23.0
1708,10/14/2016,AAPL,23.0
1709,10/17/2016,AAPL,23.0
1710,10/18/2016,AAPL,23.0
1711,10/19/2016,AAPL,23.0
1712,10/20/2016,AAPL,23.0
1713,10/21/2016,AAPL,23.0
1714,10/24/2016,AAPL,23.0
1715,10/25/2016,AAPL,23.0
1716,10/26/2016,AAPL,23.0
1717,10/27/2016,AAPL,22.0
1718,10/28/2016,AAPL,22.0
1719,10/31/2016,AAPL,22.0
1720,11/1/2016,AAPL,22.0
1721,11/2/2016,AAPL,22.0
1722,11/3/2016,AAPL,21.0
1723,11/4/2016,AAPL,21.0
1724,11/7/2016,AAPL,22.0
1725,11/8/2016,AAPL,22.0
1726,11/9/2016,AAPL,22.0
1727,11/10/2016,AAPL,21.0
1728,11/11/2016,AAPL,21.0
1729,11/14/2016,AAPL,21.0
1730,11/15/2016,AAPL,21.0
1731,11/16/2016,AAPL,21.0
1732,11/17/2016,AAPL,21.0
1733,11/18/2016,AAPL,22.0
1734,11/21/2016,AAPL,22.0
1735,11/22/2016,AAPL,22.0
1736,11/23/2016,AAPL,22.0
1737,11/25/2016,AAPL,22.0
1738,11/28/2016,AAPL,22.0
1739,11/29/2016,AAPL,22.0
1740,11/30/2016,AAPL,22.0
1741,12/1/2016,AAPL,21.0
1742,12/2/2016,AAPL,21.0
1743,12/5/2016,AAPL,21.0
1744,12/6/2016,AAPL,21.0
1745,12/7/2016,AAPL,22.0
1746,12/8/2016,AAPL,22.0
1747,12/9/2016,AAPL,22.0
1748,12/12/2016,AAPL,22.0
1749,12/13/2016,AAPL,23.0
1750,12/14/2016,AAPL,23.0
1751,12/15/2016,AAPL,23.0
1752,12/16/2016,AAPL,23.0
1753,12/19/2016,AAPL,23.0
1754,12/20/2016,AAPL,23.0
1755,12/21/2016,AAPL,23.0
1756,12/22/2016,AAPL,23.0
1757,12/23/2016,AAPL,23.0
1758,12/27/2016,AAPL,23.0
1759,12/28/2016,AAPL,23.0
1760,12/29/2016,AAPL,23.0
1761,12/30/2016,AAPL,23.0
