date,symbol,sales
1/4/2010,AAPL,30.57285686
1/5/2010,AAPL,30.62571329
1/6/2010,AAPL,30.13857071
1/7/2010,AAPL,30.08285714
1/8/2010,AAPL,30.28285786
1/11/2010,AAPL,30.01571471
1/12/2010,AAPL,29.67428586
1/13/2010,AAPL,30.09285743
1/14/2010,AAPL,29.91857143
1/15/2010,AAPL,29.41857143
1/19/2010,AAPL,30.71999929
1/20/2010,AAPL,30.24714286
1/21/2010,AAPL,29.72428514
1/22/2010,AAPL,28.25
1/25/2010,AAPL,29.01000029
1/26/2010,AAPL,29.42000014
1/27/2010,AAPL,29.69714357
1/28/2010,AAPL,28.46999929
1/29/2010,AAPL,27.43714329
2/1/2010,AAPL,27.81857114
2/2/2010,AAPL,27.97999957
2/3/2010,AAPL,28.46142771
2/4/2010,AAPL,27.43571471
2/5/2010,AAPL,27.92285729
2/8/2010,AAPL,27.73142814
2/9/2010,AAPL,28.02714343
2/10/2010,AAPL,27.87428671
2/11/2010,AAPL,28.38142771
2/12/2010,AAPL,28.62571329
2/16/2010,AAPL,29.05714229
2/17/2010,AAPL,28.93571471
2/18/2010,AAPL,28.98999971
2/19/2010,AAPL,28.80999943
2/22/2010,AAPL,28.63142771
2/23/2010,AAPL,28.15142829
2/24/2010,AAPL,28.66571429
2/25/2010,AAPL,28.85714343
2/26/2010,AAPL,29.23142814
3/1/2010,AAPL,29.85571486
3/2/2010,AAPL,29.83571429
3/3/2010,AAPL,29.90428543
3/4/2010,AAPL,30.101429
3/5/2010,AAPL,31.27857214
3/8/2010,AAPL,31.297142
3/9/2010,AAPL,31.86000057
3/10/2010,AAPL,32.119999
3/11/2010,AAPL,32.21428686
3/12/2010,AAPL,32.37142943
3/15/2010,AAPL,31.97714229
3/16/2010,AAPL,32.06428529
3/17/2010,AAPL,32.01714329
3/18/2010,AAPL,32.09285743
3/19/2010,AAPL,31.75
3/22/2010,AAPL,32.10714343
3/23/2010,AAPL,32.62285614
3/24/2010,AAPL,32.76714329
3/25/2010,AAPL,32.37857057
3/26/2010,AAPL,32.985714
3/29/2010,AAPL,33.19857029
3/30/2010,AAPL,33.69285586
3/31/2010,AAPL,33.57143014
4/1/2010,AAPL,33.70999914
4/5/2010,AAPL,34.06999971
4/6/2010,AAPL,34.22000129
4/7/2010,AAPL,34.37142943
4/8/2010,AAPL,34.27857214
4/9/2010,AAPL,34.54142757
4/12/2010,AAPL,34.61285786
4/13/2010,AAPL,34.63285829
4/14/2010,AAPL,35.09857171
4/15/2010,AAPL,35.56000143
4/16/2010,AAPL,35.34285743
4/19/2010,AAPL,35.29571529
4/20/2010,AAPL,34.94142914
4/21/2010,AAPL,37.03142929
4/22/2010,AAPL,38.06714243
4/23/2010,AAPL,38.68999857
4/26/2010,AAPL,38.5
4/27/2010,AAPL,37.43428414
4/28/2010,AAPL,37.37142943
4/29/2010,AAPL,38.37714386
4/30/2010,AAPL,37.29857257
5/3/2010,AAPL,38.04999929
5/4/2010,AAPL,36.95428471
5/5/2010,AAPL,36.56999971
5/6/2010,AAPL,35.17856986
5/7/2010,AAPL,33.69428629
5/10/2010,AAPL,36.28428643
5/11/2010,AAPL,36.64571386
5/12/2010,AAPL,37.44142914
5/13/2010,AAPL,36.90857314
5/14/2010,AAPL,36.25999829
5/17/2010,AAPL,36.31714243
5/18/2010,AAPL,36.05142971
5/19/2010,AAPL,35.47714229
5/20/2010,AAPL,33.96571357
5/21/2010,AAPL,34.61714171
5/24/2010,AAPL,35.25142671
5/25/2010,AAPL,35.03142929
5/26/2010,AAPL,34.87285614
5/27/2010,AAPL,36.19285586
5/28/2010,AAPL,36.69714357
6/1/2010,AAPL,37.26142886
6/2/2010,AAPL,37.70714186
6/3/2010,AAPL,37.58856957
6/4/2010,AAPL,36.56571586
6/7/2010,AAPL,35.84857171
6/8/2010,AAPL,35.61857229
6/9/2010,AAPL,34.74285886
6/10/2010,AAPL,35.78714371
6/11/2010,AAPL,36.21571357
6/14/2010,AAPL,36.32571414
6/15/2010,AAPL,37.09857171
6/16/2010,AAPL,38.17856986
6/17/2010,AAPL,38.83856957
6/18/2010,AAPL,39.15285871
6/21/2010,AAPL,38.59571457
6/22/2010,AAPL,39.12142943
6/23/2010,AAPL,38.70999914
6/24/2010,AAPL,38.42856986
6/25/2010,AAPL,38.09999843
6/28/2010,AAPL,38.32857129
6/29/2010,AAPL,36.59571457
6/30/2010,AAPL,35.93285757
7/1/2010,AAPL,35.49714286
7/2/2010,AAPL,35.27714157
7/6/2010,AAPL,35.51857
7/7/2010,AAPL,36.952858
7/8/2010,AAPL,36.869999
7/9/2010,AAPL,37.08856957
7/12/2010,AAPL,36.75571443
7/13/2010,AAPL,35.97142786
7/14/2010,AAPL,36.10428614
7/15/2010,AAPL,35.92142871
7/16/2010,AAPL,35.70000071
7/19/2010,AAPL,35.082859
7/20/2010,AAPL,35.98428729
7/21/2010,AAPL,36.31999971
7/22/2010,AAPL,37.00285714
7/23/2010,AAPL,37.134285
7/26/2010,AAPL,37.04000086
7/27/2010,AAPL,37.72571557
7/28/2010,AAPL,37.27999871
7/29/2010,AAPL,36.87285614
7/30/2010,AAPL,36.75
8/2/2010,AAPL,37.40714257
8/3/2010,AAPL,37.41857143
8/4/2010,AAPL,37.568573
8/5/2010,AAPL,37.38571543
8/6/2010,AAPL,37.155716
8/9/2010,AAPL,37.39285657
8/10/2010,AAPL,37.05857086
8/11/2010,AAPL,35.74142843
8/12/2010,AAPL,35.97000129
8/13/2010,AAPL,35.58571243
8/16/2010,AAPL,35.37714386
8/17/2010,AAPL,35.99571614
8/18/2010,AAPL,36.15285871
8/19/2010,AAPL,35.69714357
8/20/2010,AAPL,35.662857
8/23/2010,AAPL,35.11428457
8/24/2010,AAPL,34.27571486
8/25/2010,AAPL,34.69857029
8/26/2010,AAPL,34.32571414
8/27/2010,AAPL,34.51714329
8/30/2010,AAPL,34.64285657
8/31/2010,AAPL,34.72857286
9/1/2010,AAPL,35.76142886
9/2/2010,AAPL,36.02428443
9/3/2010,AAPL,36.967144
9/7/2010,AAPL,36.83000186
9/8/2010,AAPL,37.56000143
9/9/2010,AAPL,37.58142857
9/10/2010,AAPL,37.630001
9/13/2010,AAPL,38.148571
9/14/2010,AAPL,38.29428486
9/15/2010,AAPL,38.60285571
9/16/2010,AAPL,39.50999829
9/17/2010,AAPL,39.33856957
9/20/2010,AAPL,40.46142957
9/21/2010,AAPL,40.53857043
9/22/2010,AAPL,41.10714343
9/23/2010,AAPL,41.27428443
9/24/2010,AAPL,41.75999829
9/27/2010,AAPL,41.594284
9/28/2010,AAPL,40.97999957
9/29/2010,AAPL,41.05285643
9/30/2010,AAPL,40.53571314
10/1/2010,AAPL,40.36000057
10/4/2010,AAPL,39.80571371
10/5/2010,AAPL,41.27714157
10/6/2010,AAPL,41.31285857
10/7/2010,AAPL,41.31714243
10/8/2010,AAPL,42.00999829
10/11/2010,AAPL,42.19428629
10/12/2010,AAPL,42.648571
10/13/2010,AAPL,42.87714386
10/14/2010,AAPL,43.18714143
10/15/2010,AAPL,44.96285629
10/18/2010,AAPL,45.42856986
10/19/2010,AAPL,44.21285629
10/20/2010,AAPL,44.36142729
10/21/2010,AAPL,44.217144
10/22/2010,AAPL,43.92428586
10/25/2010,AAPL,44.119999
10/26/2010,AAPL,44.00714114
10/27/2010,AAPL,43.97571557
10/28/2010,AAPL,43.60571286
10/29/2010,AAPL,42.99714286
11/1/2010,AAPL,43.45428471
11/2/2010,AAPL,44.19428629
11/3/2010,AAPL,44.68571471
11/4/2010,AAPL,45.467144
11/5/2010,AAPL,45.304287
11/8/2010,AAPL,45.51714329
11/9/2010,AAPL,45.15428543
11/10/2010,AAPL,45.43285757
11/11/2010,AAPL,45.235714
11/12/2010,AAPL,44.00428386
11/15/2010,AAPL,43.86285786
11/16/2010,AAPL,43.08428571
11/17/2010,AAPL,42.92856986
11/18/2010,AAPL,44.061428
11/19/2010,AAPL,43.818573
11/22/2010,AAPL,44.76571271
11/23/2010,AAPL,44.10428614
11/24/2010,AAPL,44.97142786
11/26/2010,AAPL,45
11/29/2010,AAPL,45.26714329
11/30/2010,AAPL,44.45000071
12/1/2010,AAPL,45.20000071
12/2/2010,AAPL,45.45000071
12/3/2010,AAPL,45.34857171
12/6/2010,AAPL,45.735714
12/7/2010,AAPL,45.45857243
12/8/2010,AAPL,45.85857014
12/9/2010,AAPL,45.68000029
12/10/2010,AAPL,45.79428486
12/13/2010,AAPL,45.952858
12/14/2010,AAPL,45.75571443
12/15/2010,AAPL,45.76571271
12/16/2010,AAPL,45.89285657
12/17/2010,AAPL,45.80142971
12/20/2010,AAPL,46.02999871
12/21/2010,AAPL,46.31428529
12/22/2010,AAPL,46.45142743
12/23/2010,AAPL,46.22857286
12/27/2010,AAPL,46.38285829
12/28/2010,AAPL,46.49571614
12/29/2010,AAPL,46.47000129
12/30/2010,AAPL,46.23714443
12/31/2010,AAPL,46.08000186
1/3/2011,AAPL,47.08142857
1/4/2011,AAPL,47.32714457
1/5/2011,AAPL,47.71428686
1/6/2011,AAPL,47.67571257
1/7/2011,AAPL,48.01714329
1/10/2011,AAPL,48.92142871
1/11/2011,AAPL,48.80571371
1/12/2011,AAPL,49.202858
1/13/2011,AAPL,49.38285829
1/14/2011,AAPL,49.782856
1/18/2011,AAPL,48.66428757
1/19/2011,AAPL,48.405716
1/20/2011,AAPL,47.52571486
1/21/2011,AAPL,46.67428586
1/24/2011,AAPL,48.20714186
1/25/2011,AAPL,48.77142714
1/26/2011,AAPL,49.12142943
1/27/2011,AAPL,49.02999871
1/28/2011,AAPL,48.014286
1/31/2011,AAPL,48.47428514
2/1/2011,AAPL,49.29000086
2/2/2011,AAPL,49.188572
2/3/2011,AAPL,49.06285857
2/4/2011,AAPL,49.5
2/7/2011,AAPL,50.26857
2/8/2011,AAPL,50.74285886
2/9/2011,AAPL,51.16571429
2/10/2011,AAPL,50.648571
2/11/2011,AAPL,50.97857286
2/14/2011,AAPL,51.311428
2/15/2011,AAPL,51.41428757
2/16/2011,AAPL,51.87571329
2/17/2011,AAPL,51.18571471
2/18/2011,AAPL,50.08000186
2/22/2011,AAPL,48.37285614
2/23/2011,AAPL,48.945713
2/24/2011,AAPL,48.98285671
2/25/2011,AAPL,49.73714443
2/28/2011,AAPL,50.45857243
3/1/2011,AAPL,49.90142829
3/2/2011,AAPL,50.30285643
3/3/2011,AAPL,51.365715
3/4/2011,AAPL,51.42856986
3/7/2011,AAPL,50.76571271
3/8/2011,AAPL,50.82285686
3/9/2011,AAPL,50.35285571
3/10/2011,AAPL,49.52428443
3/11/2011,AAPL,50.28428643
3/14/2011,AAPL,50.50857157
3/15/2011,AAPL,49.34714129
3/16/2011,AAPL,47.14428714
3/17/2011,AAPL,47.80571371
3/18/2011,AAPL,47.23857114
3/21/2011,AAPL,48.47142786
3/22/2011,AAPL,48.74285886
3/23/2011,AAPL,48.45571514
3/24/2011,AAPL,49.28142929
3/25/2011,AAPL,50.22000129
3/28/2011,AAPL,50.06285857
3/29/2011,AAPL,50.13714214
3/30/2011,AAPL,49.804287
3/31/2011,AAPL,49.78714371
4/1/2011,AAPL,49.22285843
4/4/2011,AAPL,48.74142843
4/5/2011,AAPL,48.412857
4/6/2011,AAPL,48.29142757
4/7/2011,AAPL,48.297142
4/8/2011,AAPL,47.865715
4/11/2011,AAPL,47.25714114
4/12/2011,AAPL,47.485714
4/13/2011,AAPL,48.01857
4/14/2011,AAPL,47.48857114
4/15/2011,AAPL,46.77999871
4/18/2011,AAPL,47.40714257
4/19/2011,AAPL,48.26571271
4/20/2011,AAPL,48.91571429
4/21/2011,AAPL,50.09999843
4/25/2011,AAPL,50.43000029
4/26/2011,AAPL,50.06000143
4/27/2011,AAPL,50.02142714
4/28/2011,AAPL,49.53571314
4/29/2011,AAPL,50.01857
5/2/2011,AAPL,49.46857071
5/3/2011,AAPL,49.74285886
5/4/2011,AAPL,49.938572
5/5/2011,AAPL,49.53571314
5/6/2011,AAPL,49.52285771
5/9/2011,AAPL,49.65714257
5/10/2011,AAPL,49.92142871
5/11/2011,AAPL,49.60428614
5/12/2011,AAPL,49.50999829
5/13/2011,AAPL,48.64285657
5/16/2011,AAPL,47.61428457
5/17/2011,AAPL,48.02000043
5/18/2011,AAPL,48.55285643
5/19/2011,AAPL,48.64714429
5/20/2011,AAPL,47.88857271
5/23/2011,AAPL,47.77142714
5/24/2011,AAPL,47.45571514
5/25/2011,AAPL,48.11142729
5/26/2011,AAPL,47.85714343
5/27/2011,AAPL,48.20142743
5/31/2011,AAPL,49.68999857
6/1/2011,AAPL,49.35857014
6/2/2011,AAPL,49.44285586
6/3/2011,AAPL,49.06285857
6/6/2011,AAPL,48.29142757
6/7/2011,AAPL,47.43428414
6/8/2011,AAPL,47.46285629
6/9/2011,AAPL,47.35571286
6/10/2011,AAPL,46.55714414
6/13/2011,AAPL,46.65714257
6/14/2011,AAPL,47.49142843
6/15/2011,AAPL,46.67856986
6/16/2011,AAPL,46.45142743
6/17/2011,AAPL,45.75142671
6/20/2011,AAPL,45.04571529
6/21/2011,AAPL,46.47142786
6/22/2011,AAPL,46.087143
6/23/2011,AAPL,47.318573
6/24/2011,AAPL,46.62142943
6/27/2011,AAPL,47.43428414
6/28/2011,AAPL,47.89428714
6/29/2011,AAPL,47.72000129
6/30/2011,AAPL,47.952858
7/1/2011,AAPL,49.03714371
7/5/2011,AAPL,49.91857143
7/6/2011,AAPL,50.25142671
7/7/2011,AAPL,51.02857214
7/8/2011,AAPL,51.38714214
7/11/2011,AAPL,50.57143014
7/12/2011,AAPL,50.53571314
7/13/2011,AAPL,51.14571386
7/14/2011,AAPL,51.11000057
7/15/2011,AAPL,52.13142771
7/18/2011,AAPL,53.40000157
7/19/2011,AAPL,53.83571243
7/20/2011,AAPL,55.27142714
7/21/2011,AAPL,55.32714457
7/22/2011,AAPL,56.18571471
7/25/2011,AAPL,56.92856986
7/26/2011,AAPL,57.630001
7/27/2011,AAPL,56.08428571
7/28/2011,AAPL,55.97428514
7/29/2011,AAPL,55.782856
8/1/2011,AAPL,56.67856986
8/2/2011,AAPL,55.55857086
8/3/2011,AAPL,56.08142857
8/4/2011,AAPL,53.90999986
8/5/2011,AAPL,53.37428671
8/8/2011,AAPL,50.45857243
8/9/2011,AAPL,53.43000029
8/10/2011,AAPL,51.95571514
8/11/2011,AAPL,53.38571543
8/12/2011,AAPL,53.85571286
8/15/2011,AAPL,54.77285771
8/16/2011,AAPL,54.35428614
8/17/2011,AAPL,54.34857171
8/18/2011,AAPL,52.29285814
8/19/2011,AAPL,50.86142729
8/22/2011,AAPL,50.91999814
8/23/2011,AAPL,53.37142943
8/24/2011,AAPL,53.74000171
8/25/2011,AAPL,53.38857271
8/26/2011,AAPL,54.797142
8/29/2011,AAPL,55.70999914
8/30/2011,AAPL,55.71285629
8/31/2011,AAPL,54.97571557
9/1/2011,AAPL,54.43285757
9/2/2011,AAPL,53.43571471
9/6/2011,AAPL,54.24857329
9/7/2011,AAPL,54.84714129
9/8/2011,AAPL,54.87714386
9/9/2011,AAPL,53.92571257
9/12/2011,AAPL,54.27714157
9/13/2011,AAPL,54.945713
9/14/2011,AAPL,55.61428457
9/15/2011,AAPL,56.13714214
9/16/2011,AAPL,57.21428686
9/19/2011,AAPL,58.804287
9/20/2011,AAPL,59.06428529
9/21/2011,AAPL,58.87714386
9/22/2011,AAPL,57.40285871
9/23/2011,AAPL,57.75714114
9/26/2011,AAPL,57.59571457
9/27/2011,AAPL,57.03714371
9/28/2011,AAPL,56.71571357
9/29/2011,AAPL,55.79571529
9/30/2011,AAPL,54.47428514
10/3/2011,AAPL,53.514286
10/4/2011,AAPL,53.21428686
10/5/2011,AAPL,54.03571314
10/6/2011,AAPL,53.90999986
10/7/2011,AAPL,52.82857129
10/10/2011,AAPL,55.54428486
10/11/2011,AAPL,57.18428414
10/12/2011,AAPL,57.45571514
10/13/2011,AAPL,58.34714129
10/14/2011,AAPL,60.28571314
10/17/2011,AAPL,59.99857329
10/18/2011,AAPL,60.31999971
10/19/2011,AAPL,56.945713
10/20/2011,AAPL,56.47285843
10/21/2011,AAPL,56.12428671
10/24/2011,AAPL,57.967144
10/25/2011,AAPL,56.82428743
10/26/2011,AAPL,57.22857286
10/27/2011,AAPL,57.81285857
10/28/2011,AAPL,57.84999843
10/31/2011,AAPL,57.82571414
11/1/2011,AAPL,56.64428714
11/2/2011,AAPL,56.77285771
11/3/2011,AAPL,57.58142857
11/4/2011,AAPL,57.17714314
11/7/2011,AAPL,57.10428614
11/8/2011,AAPL,58.032856
11/9/2011,AAPL,56.46857071
11/10/2011,AAPL,55.03142929
11/11/2011,AAPL,54.945713
11/14/2011,AAPL,54.18000029
11/15/2011,AAPL,55.547142
11/16/2011,AAPL,54.967144
11/17/2011,AAPL,53.91571429
11/18/2011,AAPL,53.56285857
11/21/2011,AAPL,52.71571357
11/22/2011,AAPL,53.78714371
11/23/2011,AAPL,52.42714314
11/25/2011,AAPL,51.938572
11/28/2011,AAPL,53.73143
11/29/2011,AAPL,53.31428529
11/30/2011,AAPL,54.59999843
12/1/2011,AAPL,55.41857143
12/2/2011,AAPL,55.67142871
12/5/2011,AAPL,56.14428714
12/6/2011,AAPL,55.84999843
12/7/2011,AAPL,55.58428571
12/8/2011,AAPL,55.80857086
12/9/2011,AAPL,56.23143
12/12/2011,AAPL,55.97714229
12/13/2011,AAPL,55.54428486
12/14/2011,AAPL,54.31285857
12/15/2011,AAPL,54.134285
12/16/2011,AAPL,54.431427
12/19/2011,AAPL,54.601429
12/20/2011,AAPL,56.56428529
12/21/2011,AAPL,56.63571543
12/22/2011,AAPL,56.93571471
12/23/2011,AAPL,57.61857229
12/27/2011,AAPL,58.07571414
12/28/2011,AAPL,57.52000043
12/29/2011,AAPL,57.87428671
12/30/2011,AAPL,57.85714343
1/3/2012,AAPL,58.74714286
1/4/2012,AAPL,59.06285857
1/5/2012,AAPL,59.71857071
1/6/2012,AAPL,60.34285743
1/9/2012,AAPL,60.24714286
1/10/2012,AAPL,60.46285629
1/11/2012,AAPL,60.36428457
1/12/2012,AAPL,60.19857029
1/13/2012,AAPL,59.97285843
1/17/2012,AAPL,60.67142871
1/18/2012,AAPL,61.30142971
1/19/2012,AAPL,61.10714343
1/20/2012,AAPL,60.04285814
1/23/2012,AAPL,61.05857086
1/24/2012,AAPL,60.05857086
1/25/2012,AAPL,63.80857086
1/26/2012,AAPL,63.51857
1/27/2012,AAPL,63.89714429
1/30/2012,AAPL,64.71571357
1/31/2012,AAPL,65.21142571
2/1/2012,AAPL,65.16999814
2/2/2012,AAPL,65.01714329
2/3/2012,AAPL,65.66857143
2/6/2012,AAPL,66.28142543
2/7/2012,AAPL,66.97571557
2/8/2012,AAPL,68.09714514
2/9/2012,AAPL,70.452858
2/10/2012,AAPL,70.48857114
2/13/2012,AAPL,71.800003
2/14/2012,AAPL,72.77999871
2/15/2012,AAPL,71.09571071
2/16/2012,AAPL,71.74428557
2/17/2012,AAPL,71.73143
2/21/2012,AAPL,73.550003
2/22/2012,AAPL,73.29142757
2/23/2012,AAPL,73.76999671
2/24/2012,AAPL,74.62999729
2/27/2012,AAPL,75.10857386
2/28/2012,AAPL,76.48714443
2/29/2012,AAPL,77.49143214
3/1/2012,AAPL,77.78142543
3/2/2012,AAPL,77.88285829
3/5/2012,AAPL,76.16571814
3/6/2012,AAPL,75.75142671
3/7/2012,AAPL,75.81285857
3/8/2012,AAPL,77.42713929
3/9/2012,AAPL,77.88143157
3/12/2012,AAPL,78.85713957
3/13/2012,AAPL,81.15714257
3/14/2012,AAPL,84.22571557
3/15/2012,AAPL,83.65142829
3/16/2012,AAPL,83.65285486
3/19/2012,AAPL,85.87142943
3/20/2012,AAPL,86.565712
3/21/2012,AAPL,86.07142643
3/22/2012,AAPL,85.62000271
3/23/2012,AAPL,85.15000157
3/26/2012,AAPL,86.71142571
3/27/2012,AAPL,87.78285986
3/28/2012,AAPL,88.23143
3/29/2012,AAPL,87.12285614
3/30/2012,AAPL,85.65000157
4/2/2012,AAPL,88.37571714
4/3/2012,AAPL,89.90285486
4/4/2012,AAPL,89.18714143
4/5/2012,AAPL,90.525711
4/9/2012,AAPL,90.88999943
4/10/2012,AAPL,89.77714543
4/11/2012,AAPL,89.45714571
4/12/2012,AAPL,88.96714014
4/13/2012,AAPL,86.46142571
4/16/2012,AAPL,82.87571714
4/17/2012,AAPL,87.09999843
4/18/2012,AAPL,86.905716
4/19/2012,AAPL,83.91999814
4/20/2012,AAPL,81.85428614
4/23/2012,AAPL,81.67142486
4/24/2012,AAPL,80.04000086
4/25/2012,AAPL,87.14286043
4/26/2012,AAPL,86.81428529
4/27/2012,AAPL,86.14286043
4/30/2012,AAPL,83.42571257
5/1/2012,AAPL,83.16143043
5/2/2012,AAPL,83.71142571
5/3/2012,AAPL,83.11714171
5/4/2012,AAPL,80.75
5/7/2012,AAPL,81.35428614
5/8/2012,AAPL,81.16857143
5/9/2012,AAPL,81.31143186
5/10/2012,AAPL,81.50285343
5/11/2012,AAPL,80.95857243
5/14/2012,AAPL,79.74571229
5/15/2012,AAPL,79.02428443
5/16/2012,AAPL,78.01142886
5/17/2012,AAPL,75.73143
5/18/2012,AAPL,75.76857
5/21/2012,AAPL,80.18285371
5/22/2012,AAPL,79.56714629
5/23/2012,AAPL,81.50856786
5/24/2012,AAPL,80.76000214
5/25/2012,AAPL,80.32714086
5/29/2012,AAPL,81.75285343
5/30/2012,AAPL,82.73857114
5/31/2012,AAPL,82.53285986
6/1/2012,AAPL,80.14142614
6/4/2012,AAPL,80.612854
6/5/2012,AAPL,80.40428929
6/6/2012,AAPL,81.637146
6/7/2012,AAPL,81.67428586
6/8/2012,AAPL,82.90285486
6/11/2012,AAPL,81.59571071
6/12/2012,AAPL,82.30857086
6/13/2012,AAPL,81.73714443
6/14/2012,AAPL,81.64714057
6/15/2012,AAPL,82.01857
6/18/2012,AAPL,83.68285371
6/19/2012,AAPL,83.91571814
6/20/2012,AAPL,83.67713929
6/21/2012,AAPL,82.52428443
6/22/2012,AAPL,83.15714257
6/25/2012,AAPL,81.53857429
6/26/2012,AAPL,81.71857457
6/27/2012,AAPL,82.07142643
6/28/2012,AAPL,81.29285429
6/29/2012,AAPL,83.42857357
7/2/2012,AAPL,84.64571386
7/3/2012,AAPL,85.62999729
7/5/2012,AAPL,87.134285
7/6/2012,AAPL,86.55428314
7/9/2012,AAPL,87.69857029
7/10/2012,AAPL,86.887146
7/11/2012,AAPL,86.34714514
7/12/2012,AAPL,85.55714414
7/13/2012,AAPL,86.42428586
7/16/2012,AAPL,86.70143129
7/17/2012,AAPL,86.70571143
7/18/2012,AAPL,86.60857386
7/19/2012,AAPL,87.76000214
7/20/2012,AAPL,86.32857514
7/23/2012,AAPL,86.26142886
7/24/2012,AAPL,85.84571071
7/25/2012,AAPL,82.13857271
7/26/2012,AAPL,82.12571714
7/27/2012,AAPL,83.594284
7/30/2012,AAPL,85.00428771
7/31/2012,AAPL,87.25142671
8/1/2012,AAPL,86.68714143
8/2/2012,AAPL,86.82714086
8/3/2012,AAPL,87.95714571
8/6/2012,AAPL,88.93571471
8/7/2012,AAPL,88.70143129
8/8/2012,AAPL,88.55142971
8/9/2012,AAPL,88.67571257
8/10/2012,AAPL,88.81428529
8/13/2012,AAPL,90
8/14/2012,AAPL,90.24143214
8/15/2012,AAPL,90.11856843
8/16/2012,AAPL,90.905716
8/17/2012,AAPL,92.587143
8/20/2012,AAPL,95.021431
8/21/2012,AAPL,93.72285457
8/22/2012,AAPL,95.55285643
8/23/2012,AAPL,94.66143043
8/24/2012,AAPL,94.74571229
8/27/2012,AAPL,96.525711
8/28/2012,AAPL,96.40000157
8/29/2012,AAPL,96.20999914
8/30/2012,AAPL,94.83856957
8/31/2012,AAPL,95.03428643
9/4/2012,AAPL,96.42428586
9/5/2012,AAPL,95.74714657
9/6/2012,AAPL,96.61000057
9/7/2012,AAPL,97.20571143
9/10/2012,AAPL,94.67713929
9/11/2012,AAPL,94.37000271
9/12/2012,AAPL,95.684288
9/13/2012,AAPL,97.568573
9/14/2012,AAPL,98.75428771
9/17/2012,AAPL,99.96857457
9/18/2012,AAPL,100.2728577
9/19/2012,AAPL,100.300003
9/20/2012,AAPL,99.81428529
9/21/2012,AAPL,100.0128556
9/24/2012,AAPL,98.684288
9/25/2012,AAPL,96.22000129
9/26/2012,AAPL,95.025711
9/27/2012,AAPL,97.33142857
9/28/2012,AAPL,95.300003
10/1/2012,AAPL,94.19857029
10/2/2012,AAPL,94.47285457
10/3/2012,AAPL,95.92142486
10/4/2012,AAPL,95.25714114
10/5/2012,AAPL,93.22714229
10/8/2012,AAPL,91.16714471
10/9/2012,AAPL,90.83571629
10/10/2012,AAPL,91.55857086
10/11/2012,AAPL,89.728569
10/12/2012,AAPL,89.95857243
10/15/2012,AAPL,90.68000029
10/16/2012,AAPL,92.82714086
10/17/2012,AAPL,92.087143
10/18/2012,AAPL,90.37714386
10/19/2012,AAPL,87.12000271
10/22/2012,AAPL,90.57571414
10/23/2012,AAPL,87.62285614
10/24/2012,AAPL,88.11856843
10/25/2012,AAPL,87.07714086
10/26/2012,AAPL,86.28571314
10/31/2012,AAPL,85.04571529
11/1/2012,AAPL,85.22000129
11/2/2012,AAPL,82.40000157
11/5/2012,AAPL,83.51714329
11/6/2012,AAPL,83.26428229
11/7/2012,AAPL,79.71428686
11/8/2012,AAPL,76.82142643
11/9/2012,AAPL,78.15142829
11/12/2012,AAPL,77.547142
11/13/2012,AAPL,77.55714414
11/14/2012,AAPL,76.69714357
11/15/2012,AAPL,75.08856957
11/16/2012,AAPL,75.38285829
11/19/2012,AAPL,80.818573
11/20/2012,AAPL,80.12999729
11/21/2012,AAPL,80.24285886
11/23/2012,AAPL,81.64286043
11/26/2012,AAPL,84.21857457
11/27/2012,AAPL,83.54000086
11/28/2012,AAPL,83.27714543
11/29/2012,AAPL,84.19428257
11/30/2012,AAPL,83.61142729
12/3/2012,AAPL,83.74143214
12/4/2012,AAPL,82.26428229
12/5/2012,AAPL,76.97000129
12/6/2012,AAPL,78.17713929
12/7/2012,AAPL,76.17857357
12/10/2012,AAPL,75.68856814
12/11/2012,AAPL,77.34143071
12/12/2012,AAPL,77
12/13/2012,AAPL,75.66999814
12/14/2012,AAPL,72.82714086
12/17/2012,AAPL,74.11856843
12/18/2012,AAPL,76.271431
12/19/2012,AAPL,75.18714143
12/20/2012,AAPL,74.53285986
12/21/2012,AAPL,74.19000243
12/24/2012,AAPL,74.30999757
12/26/2012,AAPL,73.28571314
12/27/2012,AAPL,73.58000186
12/28/2012,AAPL,72.79856871
12/31/2012,AAPL,76.02428443
1/2/2013,AAPL,78.43285371
1/3/2013,AAPL,77.44285586
1/4/2013,AAPL,75.28571314
1/7/2013,AAPL,74.84285743
1/8/2013,AAPL,75.04428857
1/9/2013,AAPL,73.87142943
1/10/2013,AAPL,74.78713986
1/11/2013,AAPL,74.32857514
1/14/2013,AAPL,71.67857357
1/15/2013,AAPL,69.41714471
1/16/2013,AAPL,72.29856871
1/17/2013,AAPL,71.81143186
1/18/2013,AAPL,71.42857357
1/22/2013,AAPL,72.11000057
1/23/2013,AAPL,73.43000029
1/24/2013,AAPL,64.35713957
1/25/2013,AAPL,62.84000014
1/28/2013,AAPL,64.26142886
1/29/2013,AAPL,65.46714014
1/30/2013,AAPL,65.26142886
1/31/2013,AAPL,65.06999971
2/1/2013,AAPL,64.80285643
2/4/2013,AAPL,63.188572
2/5/2013,AAPL,65.405716
2/6/2013,AAPL,65.33571629
2/7/2013,AAPL,66.88857271
2/8/2013,AAPL,67.85428614
2/11/2013,AAPL,68.56143186
2/12/2013,AAPL,66.84285743
2/13/2013,AAPL,66.71571357
2/14/2013,AAPL,66.655716
2/15/2013,AAPL,65.73714443
2/19/2013,AAPL,65.71286014
2/20/2013,AAPL,64.12142943
2/21/2013,AAPL,63.72285843
2/22/2013,AAPL,64.40142829
2/25/2013,AAPL,63.25714114
2/26/2013,AAPL,64.13857271
2/27/2013,AAPL,63.50999829
2/28/2013,AAPL,63.05714414
3/1/2013,AAPL,61.49571614
3/4/2013,AAPL,60.00714114
3/5/2013,AAPL,61.59142686
3/6/2013,AAPL,60.80857086
3/7/2013,AAPL,61.51142886
3/8/2013,AAPL,61.67428586
3/11/2013,AAPL,62.55285643
3/12/2013,AAPL,61.20428471
3/13/2013,AAPL,61.19285586
3/14/2013,AAPL,61.78571314
3/15/2013,AAPL,63.380001
3/18/2013,AAPL,65.10285943
3/19/2013,AAPL,64.92713929
3/20/2013,AAPL,64.58285529
3/21/2013,AAPL,64.67571257
3/22/2013,AAPL,65.98714443
3/25/2013,AAPL,66.22571557
3/26/2013,AAPL,65.87714386
3/27/2013,AAPL,64.58285529
3/28/2013,AAPL,63.23714443
4/1/2013,AAPL,61.27285771
4/2/2013,AAPL,61.398571
4/3/2013,AAPL,61.71285629
4/4/2013,AAPL,61.10285571
4/5/2013,AAPL,60.45714186
4/8/2013,AAPL,60.88714214
4/9/2013,AAPL,60.99714286
4/10/2013,AAPL,62.24142843
4/11/2013,AAPL,62.047142
4/12/2013,AAPL,61.40000157
4/15/2013,AAPL,59.97857286
4/16/2013,AAPL,60.89142986
4/17/2013,AAPL,57.54285814
4/18/2013,AAPL,56.00714114
4/19/2013,AAPL,55.79000086
4/22/2013,AAPL,56.952858
4/23/2013,AAPL,58.01857
4/24/2013,AAPL,57.92285543
4/25/2013,AAPL,58.34000014
4/26/2013,AAPL,59.59999843
4/29/2013,AAPL,61.445713
4/30/2013,AAPL,63.25428386
5/1/2013,AAPL,62.75571443
5/2/2013,AAPL,63.64571386
5/3/2013,AAPL,64.28285986
5/6/2013,AAPL,65.815712
5/7/2013,AAPL,65.52285771
5/8/2013,AAPL,66.26285557
5/9/2013,AAPL,65.25285343
5/10/2013,AAPL,64.70999914
5/13/2013,AAPL,64.96286014
5/14/2013,AAPL,63.40857314
5/15/2013,AAPL,61.264286
5/16/2013,AAPL,62.082859
5/17/2013,AAPL,61.89428714
5/20/2013,AAPL,63.27571486
5/21/2013,AAPL,62.80857086
5/22/2013,AAPL,63.04999929
5/23/2013,AAPL,63.162857
5/24/2013,AAPL,63.59285743
5/28/2013,AAPL,63.06285857
5/29/2013,AAPL,63.56428529
5/30/2013,AAPL,64.51142886
5/31/2013,AAPL,64.24714657
6/3/2013,AAPL,64.38857271
6/4/2013,AAPL,64.18714143
6/5/2013,AAPL,63.587143
6/6/2013,AAPL,62.63714214
6/7/2013,AAPL,63.115715
6/10/2013,AAPL,62.69857029
6/11/2013,AAPL,62.514286
6/12/2013,AAPL,61.74142843
6/13/2013,AAPL,62.27999871
6/14/2013,AAPL,61.43571471
6/17/2013,AAPL,61.71428686
6/18/2013,AAPL,61.681427
6/19/2013,AAPL,60.42856986
6/20/2013,AAPL,59.54857257
6/21/2013,AAPL,59.07143014
6/24/2013,AAPL,57.50571443
6/25/2013,AAPL,57.51857
6/26/2013,AAPL,56.86714171
6/27/2013,AAPL,56.25428386
6/28/2013,AAPL,56.64714429
7/1/2013,AAPL,58.45999914
7/2/2013,AAPL,59.78428643
7/3/2013,AAPL,60.11428457
7/5/2013,AAPL,59.63142771
7/8/2013,AAPL,59.29285814
7/9/2013,AAPL,60.33571243
7/10/2013,AAPL,60.10428614
7/11/2013,AAPL,61.04142757
7/12/2013,AAPL,60.93000029
7/15/2013,AAPL,61.06285857
7/16/2013,AAPL,61.45714186
7/17/2013,AAPL,61.47285843
7/18/2013,AAPL,61.68000029
7/19/2013,AAPL,60.70714186
7/22/2013,AAPL,60.90142829
7/23/2013,AAPL,59.85571286
7/24/2013,AAPL,62.93000029
7/25/2013,AAPL,62.64285657
7/26/2013,AAPL,62.99857329
7/29/2013,AAPL,63.97000129
7/30/2013,AAPL,64.76000214
7/31/2013,AAPL,64.64714057
8/1/2013,AAPL,65.23999786
8/2/2013,AAPL,66.07714086
8/5/2013,AAPL,67.06428529
8/6/2013,AAPL,66.46428686
8/7/2013,AAPL,66.42571257
8/8/2013,AAPL,65.85857386
8/9/2013,AAPL,64.92142486
8/12/2013,AAPL,66.76571657
8/13/2013,AAPL,69.93856814
8/14/2013,AAPL,71.21428686
8/15/2013,AAPL,71.12999729
8/16/2013,AAPL,71.76142886
8/19/2013,AAPL,72.53428643
8/20/2013,AAPL,71.58142857
8/21/2013,AAPL,71.76571657
8/22/2013,AAPL,71.85142514
8/23/2013,AAPL,71.57428743
8/26/2013,AAPL,71.85285943
8/27/2013,AAPL,69.79856871
8/28/2013,AAPL,70.12857057
8/29/2013,AAPL,70.24285886
8/30/2013,AAPL,69.60285943
9/3/2013,AAPL,69.797142
9/4/2013,AAPL,71.24143214
9/5/2013,AAPL,70.75285343
9/6/2013,AAPL,71.17428586
9/9/2013,AAPL,72.30999757
9/10/2013,AAPL,70.662857
9/11/2013,AAPL,66.815712
9/12/2013,AAPL,67.52714543
9/13/2013,AAPL,66.41428371
9/16/2013,AAPL,64.30285643
9/17/2013,AAPL,65.04571529
9/18/2013,AAPL,66.38285829
9/19/2013,AAPL,67.47142786
9/20/2013,AAPL,66.77285771
9/23/2013,AAPL,70.09143071
9/24/2013,AAPL,69.87142943
9/25/2013,AAPL,68.79000086
9/26/2013,AAPL,69.45999914
9/27/2013,AAPL,68.96428686
9/30/2013,AAPL,68.10713957
10/1/2013,AAPL,69.70857243
10/2/2013,AAPL,69.93714143
10/3/2013,AAPL,69.05857086
10/4/2013,AAPL,69.00428771
10/7/2013,AAPL,69.67857357
10/8/2013,AAPL,68.70571143
10/9/2013,AAPL,69.51285557
10/10/2013,AAPL,69.94857029
10/11/2013,AAPL,70.40142829
10/14/2013,AAPL,70.862854
10/15/2013,AAPL,71.23999786
10/16/2013,AAPL,71.587143
10/17/2013,AAPL,72.07142643
10/18/2013,AAPL,72.69857029
10/21/2013,AAPL,74.48000329
10/22/2013,AAPL,74.26714329
10/23/2013,AAPL,74.99428557
10/24/2013,AAPL,75.98714443
10/25/2013,AAPL,75.137146
10/28/2013,AAPL,75.69714357
10/29/2013,AAPL,73.81143186
10/30/2013,AAPL,74.98571771
10/31/2013,AAPL,74.67142486
11/1/2013,AAPL,74.29000086
11/4/2013,AAPL,75.25
11/5/2013,AAPL,75.06428529
11/6/2013,AAPL,74.41714471
11/7/2013,AAPL,73.21286014
11/8/2013,AAPL,74.365715
11/11/2013,AAPL,74.15000157
11/12/2013,AAPL,74.28713986
11/13/2013,AAPL,74.37571714
11/14/2013,AAPL,75.45143129
11/15/2013,AAPL,74.99857329
11/18/2013,AAPL,74.08999629
11/19/2013,AAPL,74.22142786
11/20/2013,AAPL,73.57142643
11/21/2013,AAPL,74.44857029
11/22/2013,AAPL,74.25714114
11/25/2013,AAPL,74.81999971
11/26/2013,AAPL,76.199997
11/27/2013,AAPL,77.99428557
11/29/2013,AAPL,79.43856814
12/2/2013,AAPL,78.74714657
12/3/2013,AAPL,80.90285486
12/4/2013,AAPL,80.71428686
12/5/2013,AAPL,81.12857057
12/6/2013,AAPL,80.00285343
12/9/2013,AAPL,80.91857143
12/10/2013,AAPL,80.79285429
12/11/2013,AAPL,80.19428257
12/12/2013,AAPL,80.07714086
12/13/2013,AAPL,79.20428471
12/16/2013,AAPL,79.64286043
12/17/2013,AAPL,79.28428643
12/18/2013,AAPL,78.681427
12/19/2013,AAPL,77.77999871
12/20/2013,AAPL,78.431427
12/23/2013,AAPL,81.44142914
12/24/2013,AAPL,81.09571071
12/26/2013,AAPL,80.55714414
12/27/2013,AAPL,80.01285557
12/30/2013,AAPL,79.21714014
12/31/2013,AAPL,80.14571386
1/2/2014,AAPL,79.01857
1/3/2014,AAPL,77.28285986
1/6/2014,AAPL,77.70428471
1/7/2014,AAPL,77.14857486
1/8/2014,AAPL,77.637146
1/9/2014,AAPL,76.64571386
1/10/2014,AAPL,76.134285
1/13/2014,AAPL,76.53285986
1/14/2014,AAPL,78.05571743
1/15/2014,AAPL,79.62285614
1/16/2014,AAPL,79.17857357
1/17/2014,AAPL,77.23857114
1/21/2014,AAPL,78.43856814
1/22/2014,AAPL,78.78713986
1/23/2014,AAPL,79.45428471
1/24/2014,AAPL,78.01000214
1/27/2014,AAPL,78.64286043
1/28/2014,AAPL,72.35713957
1/29/2014,AAPL,71.53571314
1/30/2014,AAPL,71.39714057
1/31/2014,AAPL,71.51428229
2/3/2014,AAPL,71.64714057
2/4/2014,AAPL,72.684288
2/5/2014,AAPL,73.22714229
2/6/2014,AAPL,73.21571357
2/7/2014,AAPL,74.23999786
2/10/2014,AAPL,75.56999971
2/11/2014,AAPL,76.565712
2/12/2014,AAPL,76.55999757
2/13/2014,AAPL,77.775711
2/14/2014,AAPL,77.71286014
2/18/2014,AAPL,77.99857329
2/19/2014,AAPL,76.76714329
2/20/2014,AAPL,75.87857057
2/21/2014,AAPL,75.03571314
2/24/2014,AAPL,75.36428829
2/25/2014,AAPL,74.58000186
2/26/2014,AAPL,73.90714257
2/27/2014,AAPL,75.38143157
2/28/2014,AAPL,75.17713929
3/3/2014,AAPL,75.39428714
3/4/2014,AAPL,75.89142614
3/5/2014,AAPL,76.05142971
3/6/2014,AAPL,75.82142643
3/7/2014,AAPL,75.77714543
3/10/2014,AAPL,75.84571071
3/11/2014,AAPL,76.58428186
3/12/2014,AAPL,76.65856929
3/13/2014,AAPL,75.80714414
3/14/2014,AAPL,74.95571143
3/17/2014,AAPL,75.24857329
3/18/2014,AAPL,75.91428371
3/19/2014,AAPL,75.89428714
3/20/2014,AAPL,75.52857214
3/21/2014,AAPL,76.12428286
3/24/2014,AAPL,77.02714543
3/25/2014,AAPL,77.85571286
3/26/2014,AAPL,77.11142729
3/27/2014,AAPL,76.77999871
3/28/2014,AAPL,76.69428257
3/31/2014,AAPL,76.67713929
4/1/2014,AAPL,77.37857057
4/2/2014,AAPL,77.50714114
4/3/2014,AAPL,76.97000129
4/4/2014,AAPL,75.974289
4/7/2014,AAPL,74.78142543
4/8/2014,AAPL,74.77714543
4/9/2014,AAPL,75.76000214
4/10/2014,AAPL,74.78285986
4/11/2014,AAPL,74.23000329
4/14/2014,AAPL,74.525711
4/15/2014,AAPL,73.99428557
4/16/2014,AAPL,74.14428714
4/17/2014,AAPL,74.99143214
4/21/2014,AAPL,75.88143157
4/22/2014,AAPL,75.95714571
4/23/2014,AAPL,74.96428686
4/24/2014,AAPL,81.11000057
4/25/2014,AAPL,81.70571143
4/28/2014,AAPL,84.87000271
4/29/2014,AAPL,84.61856843
4/30/2014,AAPL,84.29856871
5/1/2014,AAPL,84.49714657
5/2/2014,AAPL,84.65428929
5/5/2014,AAPL,85.85142514
5/6/2014,AAPL,84.91571814
5/7/2014,AAPL,84.61856843
5/8/2014,AAPL,83.99857329
5/9/2014,AAPL,83.64857486
5/12/2014,AAPL,84.69000243
5/13/2014,AAPL,84.82286071
5/14/2014,AAPL,84.83856957
5/15/2014,AAPL,84.11714171
5/16/2014,AAPL,85.35857386
5/19/2014,AAPL,86.37000271
5/20/2014,AAPL,86.387146
5/21/2014,AAPL,86.615715
5/22/2014,AAPL,86.75285343
5/23/2014,AAPL,87.73285671
5/27/2014,AAPL,89.37571714
5/28/2014,AAPL,89.14428714
5/29/2014,AAPL,90.76857
5/30/2014,AAPL,90.42857357
6/2/2014,AAPL,89.80714414
6/3/2014,AAPL,91.07714086
6/4/2014,AAPL,92.11714171
6/5/2014,AAPL,92.478569
6/6/2014,AAPL,92.224289
6/9/2014,AAPL,93.699997
6/10/2014,AAPL,94.25
6/11/2014,AAPL,93.860001
6/12/2014,AAPL,92.290001
6/13/2014,AAPL,91.279999
6/16/2014,AAPL,92.199997
6/17/2014,AAPL,92.080002
6/18/2014,AAPL,92.18
6/19/2014,AAPL,91.860001
6/20/2014,AAPL,90.910004
6/23/2014,AAPL,90.830002
6/24/2014,AAPL,90.279999
6/25/2014,AAPL,90.360001
6/26/2014,AAPL,90.900002
6/27/2014,AAPL,91.980003
6/30/2014,AAPL,92.93
7/1/2014,AAPL,93.519997
7/2/2014,AAPL,93.480003
7/3/2014,AAPL,94.029999
7/7/2014,AAPL,95.970001
7/8/2014,AAPL,95.349998
7/9/2014,AAPL,95.389999
7/10/2014,AAPL,95.040001
7/11/2014,AAPL,95.220001
7/14/2014,AAPL,96.449997
7/15/2014,AAPL,95.32
7/16/2014,AAPL,94.779999
7/17/2014,AAPL,93.089996
7/18/2014,AAPL,94.43
7/21/2014,AAPL,93.940002
7/22/2014,AAPL,94.720001
7/23/2014,AAPL,97.190002
7/24/2014,AAPL,97.029999
7/25/2014,AAPL,97.669998
7/28/2014,AAPL,99.019997
7/29/2014,AAPL,98.379997
7/30/2014,AAPL,98.150002
7/31/2014,AAPL,95.599998
8/1/2014,AAPL,96.129997
8/4/2014,AAPL,95.589996
8/5/2014,AAPL,95.120003
8/6/2014,AAPL,94.959999
8/7/2014,AAPL,94.480003
8/8/2014,AAPL,94.739998
8/11/2014,AAPL,95.989998
8/12/2014,AAPL,95.970001
8/13/2014,AAPL,97.239998
8/14/2014,AAPL,97.5
8/15/2014,AAPL,97.980003
8/18/2014,AAPL,99.160004
8/19/2014,AAPL,100.529999
8/20/2014,AAPL,100.57
8/21/2014,AAPL,100.580002
8/22/2014,AAPL,101.32
8/25/2014,AAPL,101.540001
8/26/2014,AAPL,100.889999
8/27/2014,AAPL,102.129997
8/28/2014,AAPL,102.25
8/29/2014,AAPL,102.5
9/2/2014,AAPL,103.300003
9/3/2014,AAPL,98.940002
9/4/2014,AAPL,98.120003
9/5/2014,AAPL,98.970001
9/8/2014,AAPL,98.360001
9/9/2014,AAPL,97.989998
9/10/2014,AAPL,101
9/11/2014,AAPL,101.43
9/12/2014,AAPL,101.660004
9/15/2014,AAPL,101.629997
9/16/2014,AAPL,100.860001
9/17/2014,AAPL,101.580002
9/18/2014,AAPL,101.790001
9/19/2014,AAPL,100.959999
9/22/2014,AAPL,101.059998
9/23/2014,AAPL,102.639999
9/24/2014,AAPL,101.75
9/25/2014,AAPL,97.870003
9/26/2014,AAPL,100.75
9/29/2014,AAPL,100.110001
9/30/2014,AAPL,100.75
10/1/2014,AAPL,99.18
10/2/2014,AAPL,99.900002
10/3/2014,AAPL,99.620003
10/6/2014,AAPL,99.620003
10/7/2014,AAPL,98.75
10/8/2014,AAPL,100.800003
10/9/2014,AAPL,101.019997
10/10/2014,AAPL,100.730003
10/13/2014,AAPL,99.809998
10/14/2014,AAPL,98.75
10/15/2014,AAPL,97.540001
10/16/2014,AAPL,96.260002
10/17/2014,AAPL,97.669998
10/20/2014,AAPL,99.760002
10/21/2014,AAPL,102.470001
10/22/2014,AAPL,102.989998
10/23/2014,AAPL,104.830002
10/24/2014,AAPL,105.220001
10/27/2014,AAPL,105.110001
10/28/2014,AAPL,106.739998
10/29/2014,AAPL,107.339996
10/30/2014,AAPL,106.980003
10/31/2014,AAPL,108
11/3/2014,AAPL,109.400002
11/4/2014,AAPL,108.599998
11/5/2014,AAPL,108.860001
11/6/2014,AAPL,108.699997
11/7/2014,AAPL,109.010002
11/10/2014,AAPL,108.830002
11/11/2014,AAPL,109.699997
11/12/2014,AAPL,111.25
11/13/2014,AAPL,112.82
11/14/2014,AAPL,114.18
11/17/2014,AAPL,113.989998
11/18/2014,AAPL,115.470001
11/19/2014,AAPL,114.669998
11/20/2014,AAPL,116.309998
11/21/2014,AAPL,116.470001
11/24/2014,AAPL,118.629997
11/25/2014,AAPL,117.599998
11/26/2014,AAPL,119
11/28/2014,AAPL,118.93
12/1/2014,AAPL,115.07
12/2/2014,AAPL,114.629997
12/3/2014,AAPL,115.93
12/4/2014,AAPL,115.489998
12/5/2014,AAPL,115
12/8/2014,AAPL,112.400002
12/9/2014,AAPL,114.120003
12/10/2014,AAPL,111.949997
12/11/2014,AAPL,111.620003
12/12/2014,AAPL,109.730003
12/15/2014,AAPL,108.230003
12/16/2014,AAPL,106.75
12/17/2014,AAPL,109.410004
12/18/2014,AAPL,112.650002
12/19/2014,AAPL,111.779999
12/22/2014,AAPL,112.940002
12/23/2014,AAPL,112.540001
12/24/2014,AAPL,112.010002
12/26/2014,AAPL,113.989998
12/29/2014,AAPL,113.910004
12/30/2014,AAPL,112.519997
12/31/2014,AAPL,110.379997
1/2/2015,AAPL,109.330002
1/5/2015,AAPL,106.25
1/6/2015,AAPL,106.260002
1/7/2015,AAPL,107.75
1/8/2015,AAPL,111.889999
1/9/2015,AAPL,112.010002
1/12/2015,AAPL,109.25
1/13/2015,AAPL,110.220001
1/14/2015,AAPL,109.800003
1/15/2015,AAPL,106.82
1/16/2015,AAPL,105.989998
1/20/2015,AAPL,108.720001
1/21/2015,AAPL,109.550003
1/22/2015,AAPL,112.400002
1/23/2015,AAPL,112.980003
1/26/2015,AAPL,113.099998
1/27/2015,AAPL,109.139999
1/28/2015,AAPL,115.309998
1/29/2015,AAPL,118.900002
1/30/2015,AAPL,117.160004
2/2/2015,AAPL,118.629997
2/3/2015,AAPL,118.650002
2/4/2015,AAPL,119.559998
2/5/2015,AAPL,119.940002
2/6/2015,AAPL,118.93
2/9/2015,AAPL,119.720001
2/10/2015,AAPL,122.019997
2/11/2015,AAPL,124.879997
2/12/2015,AAPL,126.459999
2/13/2015,AAPL,127.080002
2/17/2015,AAPL,127.830002
2/18/2015,AAPL,128.720001
2/19/2015,AAPL,128.449997
2/20/2015,AAPL,129.5
2/23/2015,AAPL,133
2/24/2015,AAPL,132.169998
2/25/2015,AAPL,128.789993
2/26/2015,AAPL,130.419998
2/27/2015,AAPL,128.460007
3/2/2015,AAPL,129.089996
3/3/2015,AAPL,129.360001
3/4/2015,AAPL,128.539993
3/5/2015,AAPL,126.410004
3/6/2015,AAPL,126.599998
3/9/2015,AAPL,127.139999
3/10/2015,AAPL,124.510002
3/11/2015,AAPL,122.239998
3/12/2015,AAPL,124.449997
3/13/2015,AAPL,123.589996
3/16/2015,AAPL,124.949997
3/17/2015,AAPL,127.040001
3/18/2015,AAPL,128.470001
3/19/2015,AAPL,127.5
3/20/2015,AAPL,125.900002
3/23/2015,AAPL,127.209999
3/24/2015,AAPL,126.690002
3/25/2015,AAPL,123.379997
3/26/2015,AAPL,124.239998
3/27/2015,AAPL,123.25
3/30/2015,AAPL,126.370003
3/31/2015,AAPL,124.43
4/1/2015,AAPL,124.25
4/2/2015,AAPL,125.32
4/6/2015,AAPL,127.349998
4/7/2015,AAPL,126.010002
4/8/2015,AAPL,125.599998
4/9/2015,AAPL,126.559998
4/10/2015,AAPL,127.099998
4/13/2015,AAPL,126.849998
4/14/2015,AAPL,126.300003
4/15/2015,AAPL,126.779999
4/16/2015,AAPL,126.169998
4/17/2015,AAPL,124.75
4/20/2015,AAPL,127.599998
4/21/2015,AAPL,126.910004
4/22/2015,AAPL,128.619995
4/23/2015,AAPL,129.669998
4/24/2015,AAPL,130.279999
4/27/2015,AAPL,132.649994
4/28/2015,AAPL,130.559998
4/29/2015,AAPL,128.639999
4/30/2015,AAPL,125.150002
5/1/2015,AAPL,128.949997
5/4/2015,AAPL,128.699997
5/5/2015,AAPL,125.800003
5/6/2015,AAPL,125.010002
5/7/2015,AAPL,125.260002
5/8/2015,AAPL,127.620003
5/11/2015,AAPL,126.32
5/12/2015,AAPL,125.870003
5/13/2015,AAPL,126.010002
5/14/2015,AAPL,128.949997
5/15/2015,AAPL,128.770004
5/18/2015,AAPL,130.190002
5/19/2015,AAPL,130.070007
5/20/2015,AAPL,130.059998
5/21/2015,AAPL,131.389999
5/22/2015,AAPL,132.539993
5/26/2015,AAPL,129.619995
5/27/2015,AAPL,132.039993
5/28/2015,AAPL,131.779999
5/29/2015,AAPL,130.279999
6/1/2015,AAPL,130.539993
6/2/2015,AAPL,129.960007
6/3/2015,AAPL,130.119995
6/4/2015,AAPL,129.360001
6/5/2015,AAPL,128.649994
6/8/2015,AAPL,127.800003
6/9/2015,AAPL,127.419998
6/10/2015,AAPL,128.880005
6/11/2015,AAPL,128.589996
6/12/2015,AAPL,127.169998
6/15/2015,AAPL,126.919998
6/16/2015,AAPL,127.599998
6/17/2015,AAPL,127.300003
6/18/2015,AAPL,127.879997
6/19/2015,AAPL,126.599998
6/22/2015,AAPL,127.610001
6/23/2015,AAPL,127.029999
6/24/2015,AAPL,128.110001
6/25/2015,AAPL,127.5
6/26/2015,AAPL,126.75
6/29/2015,AAPL,124.529999
6/30/2015,AAPL,125.43
7/1/2015,AAPL,126.599998
7/2/2015,AAPL,126.440002
7/6/2015,AAPL,126
7/7/2015,AAPL,125.690002
7/8/2015,AAPL,122.57
7/9/2015,AAPL,120.07
7/10/2015,AAPL,123.279999
7/13/2015,AAPL,125.660004
7/14/2015,AAPL,125.610001
7/15/2015,AAPL,126.82
7/16/2015,AAPL,128.509995
7/17/2015,AAPL,129.619995
7/20/2015,AAPL,132.070007
7/21/2015,AAPL,130.75
7/22/2015,AAPL,125.220001
7/23/2015,AAPL,125.160004
7/24/2015,AAPL,124.5
7/27/2015,AAPL,122.769997
7/28/2015,AAPL,123.379997
7/29/2015,AAPL,122.989998
7/30/2015,AAPL,122.370003
7/31/2015,AAPL,121.300003
8/3/2015,AAPL,118.440002
8/4/2015,AAPL,114.639999
8/5/2015,AAPL,115.400002
8/6/2015,AAPL,115.129997
8/7/2015,AAPL,115.519997
8/10/2015,AAPL,119.720001
8/11/2015,AAPL,113.489998
8/12/2015,AAPL,115.239998
8/13/2015,AAPL,115.150002
8/14/2015,AAPL,115.959999
8/17/2015,AAPL,117.160004
8/18/2015,AAPL,116.5
8/19/2015,AAPL,115.010002
8/20/2015,AAPL,112.650002
8/21/2015,AAPL,105.760002
8/24/2015,AAPL,103.120003
8/25/2015,AAPL,103.739998
8/26/2015,AAPL,109.690002
8/27/2015,AAPL,112.919998
8/28/2015,AAPL,113.290001
8/31/2015,AAPL,112.760002
9/1/2015,AAPL,107.720001
9/2/2015,AAPL,112.339996
9/3/2015,AAPL,110.370003
9/4/2015,AAPL,109.269997
9/8/2015,AAPL,112.309998
9/9/2015,AAPL,110.150002
9/10/2015,AAPL,112.57
9/11/2015,AAPL,114.209999
9/14/2015,AAPL,115.309998
9/15/2015,AAPL,116.279999
9/16/2015,AAPL,116.410004
9/17/2015,AAPL,113.919998
9/18/2015,AAPL,113.449997
9/21/2015,AAPL,115.209999
9/22/2015,AAPL,113.400002
9/23/2015,AAPL,114.32
9/24/2015,AAPL,115
9/25/2015,AAPL,114.709999
9/28/2015,AAPL,112.440002
9/29/2015,AAPL,109.059998
9/30/2015,AAPL,110.300003
10/1/2015,AAPL,109.580002
10/2/2015,AAPL,110.379997
10/5/2015,AAPL,110.779999
10/6/2015,AAPL,111.309998
10/7/2015,AAPL,110.779999
10/8/2015,AAPL,109.5
10/9/2015,AAPL,112.120003
10/12/2015,AAPL,111.599998
10/13/2015,AAPL,111.790001
10/14/2015,AAPL,110.209999
10/15/2015,AAPL,111.860001
10/16/2015,AAPL,111.040001
10/19/2015,AAPL,111.730003
10/20/2015,AAPL,113.769997
10/21/2015,AAPL,113.760002
10/22/2015,AAPL,115.5
10/23/2015,AAPL,119.080002
10/26/2015,AAPL,115.279999
10/27/2015,AAPL,114.550003
10/28/2015,AAPL,119.269997
10/29/2015,AAPL,120.529999
10/30/2015,AAPL,119.5
11/2/2015,AAPL,121.18
11/3/2015,AAPL,122.57
11/4/2015,AAPL,122
11/5/2015,AAPL,120.919998
11/6/2015,AAPL,121.059998
11/9/2015,AAPL,120.57
11/10/2015,AAPL,116.769997
11/11/2015,AAPL,116.110001
11/12/2015,AAPL,115.720001
11/13/2015,AAPL,112.339996
11/16/2015,AAPL,114.18
11/17/2015,AAPL,113.690002
11/18/2015,AAPL,117.290001
11/19/2015,AAPL,118.779999
11/20/2015,AAPL,119.300003
11/23/2015,AAPL,117.75
11/24/2015,AAPL,118.879997
11/25/2015,AAPL,118.029999
11/27/2015,AAPL,117.809998
11/30/2015,AAPL,118.300003
12/1/2015,AAPL,117.339996
12/2/2015,AAPL,116.279999
12/3/2015,AAPL,115.199997
12/4/2015,AAPL,119.029999
12/7/2015,AAPL,118.279999
12/8/2015,AAPL,118.230003
12/9/2015,AAPL,115.620003
12/10/2015,AAPL,116.169998
12/11/2015,AAPL,113.18
12/14/2015,AAPL,112.480003
12/15/2015,AAPL,110.489998
12/16/2015,AAPL,111.339996
12/17/2015,AAPL,108.980003
12/18/2015,AAPL,106.029999
12/21/2015,AAPL,107.330002
12/22/2015,AAPL,107.230003
12/23/2015,AAPL,108.610001
12/24/2015,AAPL,108.029999
12/28/2015,AAPL,106.82
12/29/2015,AAPL,108.739998
12/30/2015,AAPL,107.32
12/31/2015,AAPL,105.260002
1/4/2016,AAPL,105.349998
1/5/2016,AAPL,102.709999
1/6/2016,AAPL,100.699997
1/7/2016,AAPL,96.449997
1/8/2016,AAPL,96.959999
1/11/2016,AAPL,98.529999
1/12/2016,AAPL,99.959999
1/13/2016,AAPL,97.389999
1/14/2016,AAPL,99.519997
1/15/2016,AAPL,97.129997
1/19/2016,AAPL,96.660004
1/20/2016,AAPL,96.790001
1/21/2016,AAPL,96.300003
1/22/2016,AAPL,101.419998
1/25/2016,AAPL,99.440002
1/26/2016,AAPL,99.989998
1/27/2016,AAPL,93.419998
1/28/2016,AAPL,94.089996
1/29/2016,AAPL,97.339996
2/1/2016,AAPL,96.43
2/2/2016,AAPL,94.480003
2/3/2016,AAPL,96.349998
2/4/2016,AAPL,96.599998
2/5/2016,AAPL,94.019997
2/8/2016,AAPL,95.010002
2/9/2016,AAPL,94.989998
2/10/2016,AAPL,94.269997
2/11/2016,AAPL,93.699997
2/12/2016,AAPL,93.989998
2/16/2016,AAPL,96.639999
2/17/2016,AAPL,98.120003
2/18/2016,AAPL,96.260002
2/19/2016,AAPL,96.040001
2/22/2016,AAPL,96.879997
2/23/2016,AAPL,94.690002
2/24/2016,AAPL,96.099998
2/25/2016,AAPL,96.760002
2/26/2016,AAPL,96.910004
2/29/2016,AAPL,96.690002
3/1/2016,AAPL,100.529999
3/2/2016,AAPL,100.75
3/3/2016,AAPL,101.5
3/4/2016,AAPL,103.010002
3/7/2016,AAPL,101.870003
3/8/2016,AAPL,101.029999
3/9/2016,AAPL,101.120003
3/10/2016,AAPL,101.169998
3/11/2016,AAPL,102.260002
3/14/2016,AAPL,102.519997
3/15/2016,AAPL,104.580002
3/16/2016,AAPL,105.970001
3/17/2016,AAPL,105.800003
3/18/2016,AAPL,105.919998
3/21/2016,AAPL,105.910004
3/22/2016,AAPL,106.720001
3/23/2016,AAPL,106.129997
3/24/2016,AAPL,105.669998
3/28/2016,AAPL,105.190002
3/29/2016,AAPL,107.68
3/30/2016,AAPL,109.559998
3/31/2016,AAPL,108.989998
4/1/2016,AAPL,109.989998
4/4/2016,AAPL,111.120003
4/5/2016,AAPL,109.809998
4/6/2016,AAPL,110.959999
4/7/2016,AAPL,108.540001
4/8/2016,AAPL,108.660004
4/11/2016,AAPL,109.019997
4/12/2016,AAPL,110.440002
4/13/2016,AAPL,112.040001
4/14/2016,AAPL,112.099998
4/15/2016,AAPL,109.849998
4/18/2016,AAPL,107.480003
4/19/2016,AAPL,106.910004
4/20/2016,AAPL,107.129997
4/21/2016,AAPL,105.970001
4/22/2016,AAPL,105.68
4/25/2016,AAPL,105.080002
4/26/2016,AAPL,104.349998
4/27/2016,AAPL,97.82
4/28/2016,AAPL,94.830002
4/29/2016,AAPL,93.739998
5/2/2016,AAPL,93.639999
5/3/2016,AAPL,95.18
5/4/2016,AAPL,94.190002
5/5/2016,AAPL,93.239998
5/6/2016,AAPL,92.720001
5/9/2016,AAPL,92.790001
5/10/2016,AAPL,93.419998
5/11/2016,AAPL,92.510002
5/12/2016,AAPL,90.339996
5/13/2016,AAPL,90.519997
5/16/2016,AAPL,93.879997
5/17/2016,AAPL,93.489998
5/18/2016,AAPL,94.559998
5/19/2016,AAPL,94.199997
5/20/2016,AAPL,95.220001
5/23/2016,AAPL,96.43
5/24/2016,AAPL,97.900002
5/25/2016,AAPL,99.620003
5/26/2016,AAPL,100.410004
5/27/2016,AAPL,100.349998
5/31/2016,AAPL,99.860001
6/1/2016,AAPL,98.459999
6/2/2016,AAPL,97.720001
6/3/2016,AAPL,97.919998
6/6/2016,AAPL,98.629997
6/7/2016,AAPL,99.029999
6/8/2016,AAPL,98.940002
6/9/2016,AAPL,99.650002
6/10/2016,AAPL,98.830002
6/13/2016,AAPL,97.339996
6/14/2016,AAPL,97.459999
6/15/2016,AAPL,97.139999
6/16/2016,AAPL,97.550003
6/17/2016,AAPL,95.330002
6/20/2016,AAPL,95.099998
6/21/2016,AAPL,95.910004
6/22/2016,AAPL,95.550003
6/23/2016,AAPL,96.099998
6/24/2016,AAPL,93.400002
6/27/2016,AAPL,92.040001
6/28/2016,AAPL,93.589996
6/29/2016,AAPL,94.400002
6/30/2016,AAPL,95.599998
7/1/2016,AAPL,95.889999
7/5/2016,AAPL,94.989998
7/6/2016,AAPL,95.529999
7/7/2016,AAPL,95.940002
7/8/2016,AAPL,96.68
7/11/2016,AAPL,96.980003
7/12/2016,AAPL,97.419998
7/13/2016,AAPL,96.870003
7/14/2016,AAPL,98.790001
7/15/2016,AAPL,98.779999
7/18/2016,AAPL,99.830002
7/19/2016,AAPL,99.870003
7/20/2016,AAPL,99.959999
7/21/2016,AAPL,99.43
7/22/2016,AAPL,98.660004
7/25/2016,AAPL,97.339996
7/26/2016,AAPL,96.669998
7/27/2016,AAPL,102.949997
7/28/2016,AAPL,104.339996
7/29/2016,AAPL,104.209999
8/1/2016,AAPL,106.050003
8/2/2016,AAPL,104.480003
8/3/2016,AAPL,105.790001
8/4/2016,AAPL,105.870003
8/5/2016,AAPL,107.480003
8/8/2016,AAPL,108.370003
8/9/2016,AAPL,108.809998
8/10/2016,AAPL,108
8/11/2016,AAPL,107.93
8/12/2016,AAPL,108.18
8/15/2016,AAPL,109.480003
8/16/2016,AAPL,109.379997
8/17/2016,AAPL,109.220001
8/18/2016,AAPL,109.080002
8/19/2016,AAPL,109.360001
8/22/2016,AAPL,108.510002
8/23/2016,AAPL,108.849998
8/24/2016,AAPL,108.029999
8/25/2016,AAPL,107.57
8/26/2016,AAPL,106.940002
8/29/2016,AAPL,106.82
8/30/2016,AAPL,106
8/31/2016,AAPL,106.099998
9/1/2016,AAPL,106.730003
9/2/2016,AAPL,107.730003
9/6/2016,AAPL,107.699997
9/7/2016,AAPL,108.360001
9/8/2016,AAPL,105.519997
9/9/2016,AAPL,103.129997
9/12/2016,AAPL,105.440002
9/13/2016,AAPL,107.949997
9/14/2016,AAPL,111.769997
9/15/2016,AAPL,115.57
9/16/2016,AAPL,114.919998
9/19/2016,AAPL,113.580002
9/20/2016,AAPL,113.57
9/21/2016,AAPL,113.550003
9/22/2016,AAPL,114.620003
9/23/2016,AAPL,112.709999
9/26/2016,AAPL,112.879997
9/27/2016,AAPL,113.089996
9/28/2016,AAPL,113.949997
9/29/2016,AAPL,112.18
9/30/2016,AAPL,113.050003
10/3/2016,AAPL,112.519997
10/4/2016,AAPL,113
10/5/2016,AAPL,113.050003
10/6/2016,AAPL,113.889999
10/7/2016,AAPL,114.059998
10/10/2016,AAPL,116.050003
10/11/2016,AAPL,116.300003
10/12/2016,AAPL,117.339996
10/13/2016,AAPL,116.980003
10/14/2016,AAPL,117.629997
10/17/2016,AAPL,117.550003
10/18/2016,AAPL,117.470001
10/19/2016,AAPL,117.120003
10/20/2016,AAPL,117.059998
10/21/2016,AAPL,116.599998
10/24/2016,AAPL,117.650002
10/25/2016,AAPL,118.25
10/26/2016,AAPL,115.589996
10/27/2016,AAPL,114.480003
10/28/2016,AAPL,113.720001
10/31/2016,AAPL,113.540001
11/1/2016,AAPL,111.489998
11/2/2016,AAPL,111.589996
11/3/2016,AAPL,109.830002
11/4/2016,AAPL,108.839996
11/7/2016,AAPL,110.410004
11/8/2016,AAPL,111.059998
11/9/2016,AAPL,110.879997
11/10/2016,AAPL,107.790001
11/11/2016,AAPL,108.43
11/14/2016,AAPL,105.709999
11/15/2016,AAPL,107.110001
11/16/2016,AAPL,109.989998
11/17/2016,AAPL,109.949997
11/18/2016,AAPL,110.059998
11/21/2016,AAPL,111.730003
11/22/2016,AAPL,111.800003
11/23/2016,AAPL,111.230003
11/25/2016,AAPL,111.790001
11/28/2016,AAPL,111.57
11/29/2016,AAPL,111.459999
11/30/2016,AAPL,110.519997
12/1/2016,AAPL,109.489998
12/2/2016,AAPL,109.900002
12/5/2016,AAPL,109.110001
12/6/2016,AAPL,109.949997
12/7/2016,AAPL,111.029999
12/8/2016,AAPL,112.120003
12/9/2016,AAPL,113.949997
12/12/2016,AAPL,113.300003
12/13/2016,AAPL,115.190002
12/14/2016,AAPL,115.190002
12/15/2016,AAPL,115.82
12/16/2016,AAPL,115.970001
12/19/2016,AAPL,116.639999
12/20/2016,AAPL,116.949997
12/21/2016,AAPL,117.059998
12/22/2016,AAPL,116.290001
12/23/2016,AAPL,116.519997
12/27/2016,AAPL,117.260002
12/28/2016,AAPL,116.760002
12/29/2016,AAPL,116.730003
12/30/2016,AAPL,115.82
